date_time,transaction_id,revenue,branch_id
5/15/2025 8:35,20250515-SMV-001,756.93,SMV
5/15/2025 1:22,20250515-SMV-002,1500,SMV
5/15/2025 2:38,20250515-SMV-003,1375,SMV
5/15/2025 2:46,20250515-SMV-004,925,SMV
5/15/2025 5:24,20250515-SMV-005,373.17,SMV
5/15/2025 9:09,20250515-SMV-006,575,SMV
5/15/2025 3:56,20250515-SMV-007,265.63,SMV
5/15/2025 2:34,20250515-VAL-001,700,VAL
5/15/2025 2:08,20250515-VAL-002,358.53,VAL
5/15/2025 5:09,20250515-VAL-003,287.5,VAL
5/15/2025 1:39,20250515-VAL-004,326.13,VAL
5/15/2025 6:06,20250515-VAL-005,694.04,VAL
5/15/2025 8:43,20250515-VAL-006,1275,VAL
5/15/2025 7:00,20250515-VAL-007,1300,VAL
5/15/2025 6:19,20250515-SMG-001,162.5,SMG
5/15/2025 1:40,20250515-SMG-002,1625,SMG
5/15/2025 8:45,20250515-SMG-003,575,SMG
5/15/2025 8:39,20250515-SMG-004,287.5,SMG
5/15/2025 3:02,20250515-SMG-005,512.5,SMG
5/15/2025 2:08,20250515-SMG-006,937.5,SMG
5/15/2025 3:34,20250515-SMG-007,287.5,SMG
5/16/2025 9:36,20250516-SMV-001,875,SMV
5/16/2025 0:41,20250516-SMV-002,287.5,SMV
5/16/2025 8:46,20250516-SMV-003,371.79,SMV
5/16/2025 7:32,20250516-SMV-004,1250,SMV
5/16/2025 3:03,20250516-SMV-005,700,SMV
5/16/2025 2:27,20250516-SMV-006,575,SMV
5/16/2025 2:32,20250516-VAL-001,162.5,VAL
5/16/2025 8:03,20250516-VAL-002,162.5,VAL
5/16/2025 8:48,20250516-VAL-003,1275,VAL
5/16/2025 2:07,20250516-VAL-004,162.5,VAL
5/16/2025 0:27,20250516-VAL-005,800,VAL
5/16/2025 9:41,20250516-VAL-006,575,VAL
5/16/2025 1:33,20250516-SMG-001,303.86,SMG
5/16/2025 7:20,20250516-SMG-002,587.5,SMG
5/16/2025 5:14,20250516-SMG-003,925,SMG
5/16/2025 4:08,20250516-SMG-004,225,SMG
5/16/2025 2:58,20250516-SMG-005,554.04,SMG
5/16/2025 4:51,20250516-SMG-006,575,SMG
5/17/2025 4:51,20250517-SMV-001,1750,SMV
5/17/2025 9:48,20250517-SMV-002,450,SMV
5/17/2025 0:16,20250517-SMV-003,550,SMV
5/17/2025 1:14,20250517-SMV-004,287.5,SMV
5/17/2025 6:11,20250517-SMV-005,1038.02,SMV
5/17/2025 6:51,20250517-VAL-001,185.09,VAL
5/17/2025 1:39,20250517-VAL-002,525,VAL
5/17/2025 6:22,20250517-VAL-003,512.5,VAL
5/17/2025 8:53,20250517-VAL-004,1275,VAL
5/17/2025 9:43,20250517-VAL-005,812.5,VAL
5/17/2025 3:32,20250517-SMG-001,450,SMG
5/17/2025 4:24,20250517-SMG-002,872.84,SMG
5/17/2025 2:33,20250517-SMG-003,1750,SMG
5/17/2025 4:40,20250517-SMG-004,325,SMG
5/17/2025 5:12,20250517-SMG-005,350,SMG
5/18/2025 1:23,20250518-SMV-001,218.64,SMV
5/18/2025 8:31,20250518-SMV-002,162.5,SMV
5/18/2025 2:14,20250518-SMV-003,350,SMV
5/18/2025 8:59,20250518-SMV-004,162.5,SMV
5/18/2025 5:13,20250518-SMV-005,1400,SMV
5/18/2025 8:16,20250518-VAL-001,512.5,VAL
5/18/2025 9:14,20250518-VAL-002,287.5,VAL
5/18/2025 9:16,20250518-VAL-003,438.65,VAL
5/18/2025 9:10,20250518-VAL-004,687.5,VAL
5/18/2025 8:15,20250518-VAL-005,1750,VAL
5/18/2025 0:25,20250518-VAL-006,496.38,VAL
5/18/2025 3:45,20250518-VAL-007,575,VAL
5/18/2025 3:34,20250518-SMG-001,259.19,SMG
5/18/2025 0:20,20250518-SMG-002,575,SMG
5/18/2025 2:19,20250518-SMG-003,1175,SMG
5/18/2025 5:03,20250518-SMG-004,295.44,SMG
5/18/2025 2:28,20250518-SMG-005,1150,SMG
5/18/2025 6:22,20250518-SMG-006,627.01,SMG
5/19/2025 4:26,20250519-SMV-001,287.5,SMV
5/19/2025 4:21,20250519-SMV-002,637.5,SMV
5/19/2025 3:52,20250519-SMV-003,700,SMV
5/19/2025 5:33,20250519-SMV-004,862.5,SMV
5/19/2025 5:34,20250519-SMV-005,649.4,SMV
5/19/2025 7:04,20250519-SMV-006,773.76,SMV
5/19/2025 7:26,20250519-SMV-007,225,SMV
5/19/2025 1:03,20250519-VAL-001,512.5,VAL
5/19/2025 9:26,20250519-VAL-002,1025,VAL
5/19/2025 4:16,20250519-VAL-003,575,VAL
5/19/2025 3:14,20250519-VAL-004,162.5,VAL
5/19/2025 9:04,20250519-VAL-005,1050,VAL
5/19/2025 4:09,20250519-VAL-006,275,VAL
5/19/2025 3:54,20250519-VAL-007,123.67,VAL
5/19/2025 4:45,20250519-SMG-001,512.5,SMG
5/19/2025 3:10,20250519-SMG-002,350,SMG
5/19/2025 9:49,20250519-SMG-003,192.66,SMG
5/19/2025 2:49,20250519-SMG-004,975.94,SMG
5/19/2025 5:58,20250519-SMG-005,1025,SMG
5/19/2025 3:30,20250519-SMG-006,1050,SMG
5/20/2025 1:25,20250520-SMV-001,162.5,SMV
5/20/2025 9:04,20250520-SMV-002,493.94,SMV
5/20/2025 5:16,20250520-SMV-003,314.94,SMV
5/20/2025 1:15,20250520-SMV-004,1275,SMV
5/20/2025 5:03,20250520-SMV-005,575,SMV
5/20/2025 3:53,20250520-VAL-001,1175,VAL
5/20/2025 5:43,20250520-VAL-002,1375,VAL
5/20/2025 4:58,20250520-VAL-003,625,VAL
5/20/2025 9:25,20250520-VAL-004,587.5,VAL
5/20/2025 9:39,20250520-VAL-005,1750,VAL
5/20/2025 6:29,20250520-VAL-006,177.85,VAL
5/20/2025 1:27,20250520-VAL-007,217.79,VAL
5/20/2025 6:58,20250520-SMG-001,575,SMG
5/20/2025 3:24,20250520-SMG-002,208.76,SMG
5/20/2025 0:27,20250520-SMG-003,700,SMG
5/20/2025 8:23,20250520-SMG-004,435.96,SMG
5/20/2025 0:11,20250520-SMG-005,632.93,SMG
5/20/2025 4:04,20250520-SMG-006,587.5,SMG
5/20/2025 7:11,20250520-SMG-007,450,SMG
5/21/2025 8:52,20250521-SMV-001,1875,SMV
5/21/2025 6:35,20250521-SMV-002,397.92,SMV
5/21/2025 1:59,20250521-SMV-003,400,SMV
5/21/2025 2:14,20250521-SMV-004,575,SMV
5/21/2025 2:27,20250521-SMV-005,766.12,SMV
5/21/2025 9:45,20250521-VAL-001,369.16,VAL
5/21/2025 0:35,20250521-VAL-002,1725,VAL
5/21/2025 7:19,20250521-VAL-003,875,VAL
5/21/2025 4:05,20250521-VAL-004,461.16,VAL
5/21/2025 3:37,20250521-VAL-005,309.83,VAL
5/21/2025 8:27,20250521-VAL-006,1150,VAL
5/21/2025 0:37,20250521-VAL-007,462.5,VAL
5/21/2025 7:52,20250521-SMG-001,450,SMG
5/21/2025 2:29,20250521-SMG-002,1375,SMG
5/21/2025 6:55,20250521-SMG-003,325,SMG
5/21/2025 3:06,20250521-SMG-004,214.02,SMG
5/21/2025 8:42,20250521-SMG-005,637.5,SMG
5/22/2025 9:24,20250522-SMV-001,450,SMV
5/22/2025 2:13,20250522-SMV-002,162.5,SMV
5/22/2025 3:08,20250522-SMV-003,575,SMV
5/22/2025 4:01,20250522-SMV-004,225,SMV
5/22/2025 9:27,20250522-SMV-005,812.5,SMV
5/22/2025 0:58,20250522-VAL-001,287.5,VAL
5/22/2025 5:01,20250522-VAL-002,263.55,VAL
5/22/2025 7:23,20250522-VAL-003,598.7,VAL
5/22/2025 9:59,20250522-VAL-004,774.02,VAL
5/22/2025 7:24,20250522-VAL-005,224.48,VAL
5/22/2025 4:46,20250522-VAL-006,225,VAL
5/22/2025 9:59,20250522-SMG-001,565.5,SMG
5/22/2025 9:54,20250522-SMG-002,575,SMG
5/22/2025 8:03,20250522-SMG-003,875,SMG
5/22/2025 8:23,20250522-SMG-004,225,SMG
5/22/2025 3:51,20250522-SMG-005,575,SMG
5/23/2025 1:17,20250523-SMV-001,412.14,SMV
5/23/2025 6:27,20250523-SMV-002,500.39,SMV
5/23/2025 1:02,20250523-SMV-003,257.22,SMV
5/23/2025 5:48,20250523-SMV-004,404.95,SMV
5/23/2025 2:02,20250523-SMV-005,861.75,SMV
5/23/2025 8:33,20250523-SMV-006,225,SMV
5/23/2025 0:13,20250523-SMV-007,675,SMV
5/23/2025 0:46,20250523-VAL-001,480.36,VAL
5/23/2025 8:14,20250523-VAL-002,225,VAL
5/23/2025 4:36,20250523-VAL-003,1150,VAL
5/23/2025 2:53,20250523-VAL-004,898.35,VAL
5/23/2025 3:42,20250523-VAL-005,575,VAL
5/23/2025 9:54,20250523-SMG-001,1500,SMG
5/23/2025 7:13,20250523-SMG-002,1150,SMG
5/23/2025 9:23,20250523-SMG-003,325,SMG
5/23/2025 2:57,20250523-SMG-004,1625,SMG
5/23/2025 8:56,20250523-SMG-005,1300,SMG
5/23/2025 8:39,20250523-SMG-006,162.5,SMG
5/23/2025 5:47,20250523-SMG-007,287.5,SMG
5/24/2025 7:11,20250524-SMV-001,900.52,SMV
5/24/2025 0:28,20250524-SMV-002,162.5,SMV
5/24/2025 1:06,20250524-SMV-003,843.39,SMV
5/24/2025 7:22,20250524-SMV-004,650,SMV
5/24/2025 1:44,20250524-SMV-005,450,SMV
5/24/2025 1:56,20250524-VAL-001,450,VAL
5/24/2025 8:27,20250524-VAL-002,197.03,VAL
5/24/2025 2:03,20250524-VAL-003,227.03,VAL
5/24/2025 8:15,20250524-VAL-004,637.5,VAL
5/24/2025 9:19,20250524-VAL-005,426.48,VAL
5/24/2025 7:41,20250524-SMG-001,411.01,SMG
5/24/2025 0:39,20250524-SMG-002,862.5,SMG
5/24/2025 7:12,20250524-SMG-003,223.22,SMG
5/24/2025 6:41,20250524-SMG-004,1025,SMG
5/24/2025 8:57,20250524-SMG-005,337.5,SMG
5/25/2025 5:32,20250525-SMV-001,639.42,SMV
5/25/2025 5:12,20250525-SMV-002,575,SMV
5/25/2025 4:50,20250525-SMV-003,1300,SMV
5/25/2025 9:11,20250525-SMV-004,172.76,SMV
5/25/2025 0:37,20250525-SMV-005,855.62,SMV
5/25/2025 0:25,20250525-SMV-006,287.5,SMV
5/25/2025 2:50,20250525-SMV-007,827.54,SMV
5/25/2025 8:24,20250525-VAL-001,162.5,VAL
5/25/2025 2:57,20250525-VAL-002,287.5,VAL
5/25/2025 3:29,20250525-VAL-003,520.95,VAL
5/25/2025 2:14,20250525-VAL-004,1400,VAL
5/25/2025 8:51,20250525-VAL-005,225,VAL
5/25/2025 8:46,20250525-SMG-001,1625,SMG
5/25/2025 2:57,20250525-SMG-002,575,SMG
5/25/2025 4:56,20250525-SMG-003,700,SMG
5/25/2025 0:11,20250525-SMG-004,1750,SMG
5/25/2025 3:16,20250525-SMG-005,213.75,SMG
5/25/2025 8:03,20250525-SMG-006,1275,SMG
5/26/2025 2:08,20250526-SMV-001,428.32,SMV
5/26/2025 8:53,20250526-SMV-002,700,SMV
5/26/2025 0:32,20250526-SMV-003,699.86,SMV
5/26/2025 7:12,20250526-SMV-004,1625,SMV
5/26/2025 3:28,20250526-SMV-005,650,SMV
5/26/2025 5:25,20250526-VAL-001,250.55,VAL
5/26/2025 9:54,20250526-VAL-002,193.14,VAL
5/26/2025 8:27,20250526-VAL-003,1150,VAL
5/26/2025 8:50,20250526-VAL-004,102.04,VAL
5/26/2025 7:15,20250526-VAL-005,546.4,VAL
5/26/2025 9:36,20250526-VAL-006,525,VAL
5/26/2025 8:01,20250526-SMG-001,575,SMG
5/26/2025 2:43,20250526-SMG-002,603.63,SMG
5/26/2025 4:48,20250526-SMG-003,321.55,SMG
5/26/2025 8:08,20250526-SMG-004,340,SMG
5/26/2025 5:25,20250526-SMG-005,550,SMG
5/26/2025 1:40,20250526-SMG-006,185.84,SMG
5/26/2025 1:30,20250526-SMG-007,517.84,SMG
5/27/2025 6:58,20250527-SMV-001,575,SMV
5/27/2025 1:13,20250527-SMV-002,800,SMV
5/27/2025 2:54,20250527-SMV-003,1025,SMV
5/27/2025 4:03,20250527-SMV-004,637.5,SMV
5/27/2025 3:56,20250527-SMV-005,398.99,SMV
5/27/2025 0:19,20250527-SMV-006,672.5,SMV
5/27/2025 8:04,20250527-VAL-001,450,VAL
5/27/2025 8:20,20250527-VAL-002,463.95,VAL
5/27/2025 2:53,20250527-VAL-003,1275,VAL
5/27/2025 0:34,20250527-VAL-004,1875,VAL
5/27/2025 8:04,20250527-VAL-005,450,VAL
5/27/2025 2:02,20250527-VAL-006,512.5,VAL
5/27/2025 1:17,20250527-SMG-001,350,SMG
5/27/2025 0:13,20250527-SMG-002,450,SMG
5/27/2025 8:41,20250527-SMG-003,162.5,SMG
5/27/2025 3:43,20250527-SMG-004,512.5,SMG
5/27/2025 7:21,20250527-SMG-005,337.5,SMG
5/27/2025 4:38,20250527-SMG-006,700,SMG
5/27/2025 6:42,20250527-SMG-007,192.25,SMG
5/28/2025 0:15,20250528-SMV-001,650,SMV
5/28/2025 2:39,20250528-SMV-002,800,SMV
5/28/2025 5:01,20250528-SMV-003,259.64,SMV
5/28/2025 2:38,20250528-SMV-004,690.36,SMV
5/28/2025 7:52,20250528-SMV-005,1150,SMV
5/28/2025 9:05,20250528-VAL-001,337.5,VAL
5/28/2025 1:46,20250528-VAL-002,338.69,VAL
5/28/2025 1:33,20250528-VAL-003,450,VAL
5/28/2025 2:20,20250528-VAL-004,925,VAL
5/28/2025 8:03,20250528-VAL-005,225,VAL
5/28/2025 0:47,20250528-VAL-006,1050,VAL
5/28/2025 9:57,20250528-SMG-001,350.42,SMG
5/28/2025 7:50,20250528-SMG-002,1303.07,SMG
5/28/2025 3:17,20250528-SMG-003,202.61,SMG
5/28/2025 8:27,20250528-SMG-004,619.16,SMG
5/28/2025 3:02,20250528-SMG-005,764.09,SMG
5/29/2025 2:43,20250529-SMV-001,287.5,SMV
5/29/2025 1:41,20250529-SMV-002,875,SMV
5/29/2025 7:32,20250529-SMV-003,1150,SMV
5/29/2025 4:17,20250529-SMV-004,400,SMV
5/29/2025 8:07,20250529-SMV-005,304.96,SMV
5/29/2025 2:04,20250529-SMV-006,575,SMV
5/29/2025 5:48,20250529-SMV-007,700,SMV
5/29/2025 6:10,20250529-VAL-001,1275,VAL
5/29/2025 2:05,20250529-VAL-002,225,VAL
5/29/2025 4:24,20250529-VAL-003,1275,VAL
5/29/2025 2:46,20250529-VAL-004,275,VAL
5/29/2025 2:24,20250529-VAL-005,575,VAL
5/29/2025 9:09,20250529-SMG-001,162.5,SMG
5/29/2025 5:34,20250529-SMG-002,587.5,SMG
5/29/2025 0:14,20250529-SMG-003,162.5,SMG
5/29/2025 2:41,20250529-SMG-004,444.34,SMG
5/29/2025 9:29,20250529-SMG-005,1300,SMG
5/30/2025 3:35,20250530-SMV-001,660.41,SMV
5/30/2025 6:07,20250530-SMV-002,575,SMV
5/30/2025 9:43,20250530-SMV-003,225,SMV
5/30/2025 4:48,20250530-SMV-004,1150,SMV
5/30/2025 7:10,20250530-SMV-005,1275,SMV
5/30/2025 0:18,20250530-SMV-006,550,SMV
5/30/2025 0:46,20250530-SMV-007,450,SMV
5/30/2025 4:19,20250530-VAL-001,560.72,VAL
5/30/2025 8:41,20250530-VAL-002,700.75,VAL
5/30/2025 0:41,20250530-VAL-003,831.73,VAL
5/30/2025 2:28,20250530-VAL-004,1025,VAL
5/30/2025 3:56,20250530-VAL-005,425.41,VAL
5/30/2025 7:33,20250530-VAL-006,1375,VAL
5/30/2025 8:47,20250530-SMG-001,162.5,SMG
5/30/2025 1:52,20250530-SMG-002,462.5,SMG
5/30/2025 7:41,20250530-SMG-003,543.67,SMG
5/30/2025 0:12,20250530-SMG-004,304.94,SMG
5/30/2025 9:34,20250530-SMG-005,462.5,SMG
5/31/2025 8:27,20250531-SMV-001,399.86,SMV
5/31/2025 9:41,20250531-SMV-002,1150,SMV
5/31/2025 2:50,20250531-SMV-003,1275,SMV
5/31/2025 5:55,20250531-SMV-004,1025,SMV
5/31/2025 0:27,20250531-SMV-005,575,SMV
5/31/2025 6:21,20250531-SMV-006,162.5,SMV
5/31/2025 3:00,20250531-SMV-007,550,SMV
5/31/2025 0:09,20250531-VAL-001,400,VAL
5/31/2025 6:19,20250531-VAL-002,1025,VAL
5/31/2025 5:39,20250531-VAL-003,393.91,VAL
5/31/2025 3:58,20250531-VAL-004,287.5,VAL
5/31/2025 1:06,20250531-VAL-005,575,VAL
5/31/2025 0:58,20250531-SMG-001,226.79,SMG
5/31/2025 8:45,20250531-SMG-002,692.49,SMG
5/31/2025 4:31,20250531-SMG-003,337.5,SMG
5/31/2025 9:09,20250531-SMG-004,325,SMG
5/31/2025 3:47,20250531-SMG-005,1275,SMG
5/31/2025 9:24,20250531-SMG-006,575,SMG
5/31/2025 7:01,20250531-SMG-007,225,SMG
6/1/2025 6:11,20250601-SMV-001,587.5,SMV
6/1/2025 9:42,20250601-SMV-002,616.34,SMV
6/1/2025 6:52,20250601-SMV-003,225,SMV
6/1/2025 7:51,20250601-SMV-004,350,SMV
6/1/2025 6:08,20250601-SMV-005,287.5,SMV
6/1/2025 5:13,20250601-SMV-006,265.29,SMV
6/1/2025 9:54,20250601-SMV-007,1400,SMV
6/1/2025 1:35,20250601-VAL-001,450,VAL
6/1/2025 4:40,20250601-VAL-002,512.5,VAL
6/1/2025 2:19,20250601-VAL-003,287.5,VAL
6/1/2025 7:51,20250601-VAL-004,637.5,VAL
6/1/2025 1:37,20250601-VAL-005,358,VAL
6/1/2025 5:58,20250601-VAL-006,245.61,VAL
6/1/2025 9:13,20250601-VAL-007,1025,VAL
6/1/2025 7:52,20250601-SMG-001,797.38,SMG
6/1/2025 1:18,20250601-SMG-002,542,SMG
6/1/2025 3:51,20250601-SMG-003,1175,SMG
6/1/2025 5:09,20250601-SMG-004,1725,SMG
6/1/2025 9:15,20250601-SMG-005,512.5,SMG
6/1/2025 0:31,20250601-SMG-006,575,SMG
6/1/2025 4:18,20250601-SMG-007,249.68,SMG
6/2/2025 4:38,20250602-SMV-001,350,SMV
6/2/2025 5:04,20250602-SMV-002,350,SMV
6/2/2025 2:16,20250602-SMV-003,225,SMV
6/2/2025 6:20,20250602-SMV-004,575,SMV
6/2/2025 4:25,20250602-SMV-005,1025,SMV
6/2/2025 5:51,20250602-SMV-006,225,SMV
6/2/2025 5:14,20250602-SMV-007,225,SMV
6/2/2025 4:53,20250602-VAL-001,675,VAL
6/2/2025 5:11,20250602-VAL-002,162.5,VAL
6/2/2025 8:04,20250602-VAL-003,550,VAL
6/2/2025 9:32,20250602-VAL-004,178.91,VAL
6/2/2025 8:36,20250602-VAL-005,325,VAL
6/2/2025 0:47,20250602-VAL-006,462.5,VAL
6/2/2025 6:20,20250602-SMG-001,575,SMG
6/2/2025 5:54,20250602-SMG-002,331.05,SMG
6/2/2025 2:37,20250602-SMG-003,636.41,SMG
6/2/2025 6:50,20250602-SMG-004,450,SMG
6/2/2025 8:41,20250602-SMG-005,700,SMG
6/3/2025 5:51,20250603-SMV-001,1150,SMV
6/3/2025 6:44,20250603-SMV-002,287.5,SMV
6/3/2025 6:01,20250603-SMV-003,325,SMV
6/3/2025 9:39,20250603-SMV-004,412.5,SMV
6/3/2025 4:34,20250603-SMV-005,462.5,SMV
6/3/2025 4:56,20250603-SMV-006,450,SMV
6/3/2025 6:26,20250603-VAL-001,1150,VAL
6/3/2025 7:54,20250603-VAL-002,162.5,VAL
6/3/2025 4:11,20250603-VAL-003,800,VAL
6/3/2025 0:42,20250603-VAL-004,287.5,VAL
6/3/2025 2:16,20250603-VAL-005,1087.01,VAL
6/3/2025 4:16,20250603-SMG-001,1625,SMG
6/3/2025 1:43,20250603-SMG-002,450,SMG
6/3/2025 6:26,20250603-SMG-003,719.65,SMG
6/3/2025 9:08,20250603-SMG-004,596.08,SMG
6/3/2025 8:21,20250603-SMG-005,601.31,SMG
6/3/2025 9:11,20250603-SMG-006,202.54,SMG
6/3/2025 7:23,20250603-SMG-007,575,SMG
6/4/2025 4:39,20250604-SMV-001,512.5,SMV
6/4/2025 6:09,20250604-SMV-002,1275,SMV
6/4/2025 7:26,20250604-SMV-003,637.5,SMV
6/4/2025 0:28,20250604-SMV-004,378.12,SMV
6/4/2025 0:25,20250604-SMV-005,575,SMV
6/4/2025 6:55,20250604-SMV-006,337.5,SMV
6/4/2025 2:42,20250604-SMV-007,1275,SMV
6/4/2025 1:11,20250604-VAL-001,575,VAL
6/4/2025 6:42,20250604-VAL-002,408.28,VAL
6/4/2025 8:31,20250604-VAL-003,287.5,VAL
6/4/2025 0:53,20250604-VAL-004,512.5,VAL
6/4/2025 7:08,20250604-VAL-005,575,VAL
6/4/2025 0:08,20250604-VAL-006,512.5,VAL
6/4/2025 0:40,20250604-VAL-007,587.5,VAL
6/4/2025 2:47,20250604-SMG-001,652.96,SMG
6/4/2025 9:21,20250604-SMG-002,1025,SMG
6/4/2025 3:59,20250604-SMG-003,575,SMG
6/4/2025 8:29,20250604-SMG-004,512.5,SMG
6/4/2025 5:50,20250604-SMG-005,221.57,SMG
6/4/2025 4:47,20250604-SMG-006,590.36,SMG
6/5/2025 4:06,20250605-SMV-001,155.49,SMV
6/5/2025 1:15,20250605-SMV-002,270.28,SMV
6/5/2025 1:36,20250605-SMV-003,575,SMV
6/5/2025 0:34,20250605-SMV-004,293.45,SMV
6/5/2025 5:10,20250605-SMV-005,687.5,SMV
6/5/2025 3:31,20250605-SMV-006,287.5,SMV
6/5/2025 3:11,20250605-SMV-007,325,SMV
6/5/2025 2:02,20250605-VAL-001,563.01,VAL
6/5/2025 7:39,20250605-VAL-002,575,VAL
6/5/2025 6:56,20250605-VAL-003,211.18,VAL
6/5/2025 1:43,20250605-VAL-004,350,VAL
6/5/2025 7:20,20250605-VAL-005,481.28,VAL
6/5/2025 9:52,20250605-VAL-006,1500,VAL
6/5/2025 2:17,20250605-VAL-007,450,VAL
6/5/2025 4:48,20250605-SMG-001,223.64,SMG
6/5/2025 7:59,20250605-SMG-002,675,SMG
6/5/2025 3:09,20250605-SMG-003,575,SMG
6/5/2025 8:27,20250605-SMG-004,225,SMG
6/5/2025 6:40,20250605-SMG-005,755.98,SMG
6/5/2025 9:35,20250605-SMG-006,325,SMG
6/5/2025 7:04,20250605-SMG-007,527.23,SMG
6/6/2025 1:34,20250606-SMV-001,400,SMV
6/6/2025 6:48,20250606-SMV-002,162.5,SMV
6/6/2025 1:35,20250606-SMV-003,512.5,SMV
6/6/2025 4:07,20250606-SMV-004,575,SMV
6/6/2025 6:08,20250606-SMV-005,159.06,SMV
6/6/2025 7:51,20250606-VAL-001,546.84,VAL
6/6/2025 9:23,20250606-VAL-002,450,VAL
6/6/2025 9:59,20250606-VAL-003,575,VAL
6/6/2025 5:31,20250606-VAL-004,400,VAL
6/6/2025 9:35,20250606-VAL-005,325,VAL
6/6/2025 0:40,20250606-VAL-006,1025,VAL
6/6/2025 5:27,20250606-SMG-001,700,SMG
6/6/2025 2:45,20250606-SMG-002,350,SMG
6/6/2025 4:25,20250606-SMG-003,637.5,SMG
6/6/2025 7:04,20250606-SMG-004,167.72,SMG
6/6/2025 7:13,20250606-SMG-005,1275,SMG
6/6/2025 8:37,20250606-SMG-006,378.02,SMG
6/7/2025 6:00,20250607-SMV-001,412.5,SMV
6/7/2025 6:06,20250607-SMV-002,225,SMV
6/7/2025 8:15,20250607-SMV-003,1275,SMV
6/7/2025 8:48,20250607-SMV-004,1275,SMV
6/7/2025 6:19,20250607-SMV-005,392.88,SMV
6/7/2025 6:41,20250607-SMV-006,1275,SMV
6/7/2025 1:19,20250607-SMV-007,1025,SMV
6/7/2025 0:40,20250607-VAL-001,675,VAL
6/7/2025 8:35,20250607-VAL-002,281.05,VAL
6/7/2025 2:29,20250607-VAL-003,450,VAL
6/7/2025 4:26,20250607-VAL-004,1025,VAL
6/7/2025 1:05,20250607-VAL-005,1150,VAL
6/7/2025 5:44,20250607-VAL-006,162.5,VAL
6/7/2025 5:24,20250607-VAL-007,209.71,VAL
6/7/2025 5:07,20250607-SMG-001,113.08,SMG
6/7/2025 2:42,20250607-SMG-002,710.06,SMG
6/7/2025 7:36,20250607-SMG-003,1250,SMG
6/7/2025 3:38,20250607-SMG-004,1025,SMG
6/7/2025 9:47,20250607-SMG-005,1013.11,SMG
6/7/2025 4:57,20250607-SMG-006,162.5,SMG
6/8/2025 4:39,20250608-SMV-001,361.35,SMV
6/8/2025 0:14,20250608-SMV-002,257.92,SMV
6/8/2025 5:51,20250608-SMV-003,287.5,SMV
6/8/2025 4:58,20250608-SMV-004,512.5,SMV
6/8/2025 8:00,20250608-SMV-005,976.53,SMV
6/8/2025 0:18,20250608-VAL-001,1025,VAL
6/8/2025 2:56,20250608-VAL-002,607.62,VAL
6/8/2025 3:49,20250608-VAL-003,450,VAL
6/8/2025 4:47,20250608-VAL-004,826.71,VAL
6/8/2025 7:24,20250608-VAL-005,700,VAL
6/8/2025 3:23,20250608-VAL-006,640.94,VAL
6/8/2025 0:58,20250608-SMG-001,275,SMG
6/8/2025 8:43,20250608-SMG-002,1175,SMG
6/8/2025 9:13,20250608-SMG-003,225,SMG
6/8/2025 3:33,20250608-SMG-004,287.5,SMG
6/8/2025 5:49,20250608-SMG-005,422.23,SMG
6/8/2025 2:25,20250608-SMG-006,346.07,SMG
6/8/2025 6:05,20250608-SMG-007,321.27,SMG
6/9/2025 5:10,20250609-SMV-001,637.5,SMV
6/9/2025 2:06,20250609-SMV-002,625,SMV
6/9/2025 7:31,20250609-SMV-003,473.04,SMV
6/9/2025 7:11,20250609-SMV-004,1275,SMV
6/9/2025 5:40,20250609-SMV-005,450,SMV
6/9/2025 4:23,20250609-VAL-001,225,VAL
6/9/2025 0:33,20250609-VAL-002,536.02,VAL
6/9/2025 8:24,20250609-VAL-003,225,VAL
6/9/2025 7:45,20250609-VAL-004,800,VAL
6/9/2025 3:19,20250609-VAL-005,637.5,VAL
6/9/2025 6:43,20250609-VAL-006,359.96,VAL
6/9/2025 7:00,20250609-SMG-001,293.28,SMG
6/9/2025 6:31,20250609-SMG-002,207.24,SMG
6/9/2025 1:56,20250609-SMG-003,500.72,SMG
6/9/2025 4:33,20250609-SMG-004,512.5,SMG
6/9/2025 9:48,20250609-SMG-005,509.86,SMG
6/9/2025 9:58,20250609-SMG-006,508.09,SMG
6/9/2025 8:29,20250609-SMG-007,525,SMG
6/10/2025 5:23,20250610-SMV-001,295.34,SMV
6/10/2025 5:53,20250610-SMV-002,560.44,SMV
6/10/2025 0:10,20250610-SMV-003,1275,SMV
6/10/2025 6:28,20250610-SMV-004,598.5,SMV
6/10/2025 1:23,20250610-SMV-005,162.5,SMV
6/10/2025 1:04,20250610-SMV-006,825,SMV
6/10/2025 5:45,20250610-SMV-007,1750,SMV
6/10/2025 2:41,20250610-VAL-001,575,VAL
6/10/2025 1:45,20250610-VAL-002,1275,VAL
6/10/2025 6:56,20250610-VAL-003,1125,VAL
6/10/2025 5:48,20250610-VAL-004,430.81,VAL
6/10/2025 1:03,20250610-VAL-005,675,VAL
6/10/2025 3:11,20250610-SMG-001,225,SMG
6/10/2025 2:22,20250610-SMG-002,675,SMG
6/10/2025 0:33,20250610-SMG-003,700,SMG
6/10/2025 2:25,20250610-SMG-004,350,SMG
6/10/2025 3:45,20250610-SMG-005,215.16,SMG
6/10/2025 6:31,20250610-SMG-006,637.5,SMG
6/11/2025 9:33,20250611-SMV-001,250.54,SMV
6/11/2025 6:36,20250611-SMV-002,575,SMV
6/11/2025 2:59,20250611-SMV-003,875.7,SMV
6/11/2025 3:04,20250611-SMV-004,350,SMV
6/11/2025 8:05,20250611-SMV-005,570.81,SMV
6/11/2025 5:44,20250611-VAL-001,325,VAL
6/11/2025 0:38,20250611-VAL-002,1150,VAL
6/11/2025 2:41,20250611-VAL-003,350,VAL
6/11/2025 9:05,20250611-VAL-004,601.62,VAL
6/11/2025 4:25,20250611-VAL-005,575,VAL
6/11/2025 8:40,20250611-SMG-001,162.5,SMG
6/11/2025 2:56,20250611-SMG-002,287.5,SMG
6/11/2025 3:47,20250611-SMG-003,162.5,SMG
6/11/2025 7:49,20250611-SMG-004,225,SMG
6/11/2025 8:45,20250611-SMG-005,501.47,SMG
6/11/2025 8:18,20250611-SMG-006,637.5,SMG
6/11/2025 0:33,20250611-SMG-007,198.67,SMG
6/12/2025 7:49,20250612-SMV-001,1150,SMV
6/12/2025 7:44,20250612-SMV-002,179.97,SMV
6/12/2025 6:20,20250612-SMV-003,575,SMV
6/12/2025 9:15,20250612-SMV-004,287.5,SMV
6/12/2025 8:24,20250612-SMV-005,835.44,SMV
6/12/2025 1:43,20250612-SMV-006,1300,SMV
6/12/2025 3:06,20250612-SMV-007,265.12,SMV
6/12/2025 3:04,20250612-VAL-001,1500,VAL
6/12/2025 5:00,20250612-VAL-002,450,VAL
6/12/2025 9:42,20250612-VAL-003,1125,VAL
6/12/2025 2:49,20250612-VAL-004,227.28,VAL
6/12/2025 7:57,20250612-VAL-005,225,VAL
6/12/2025 4:14,20250612-VAL-006,575,VAL
6/12/2025 1:01,20250612-SMG-001,325,SMG
6/12/2025 9:18,20250612-SMG-002,321.79,SMG
6/12/2025 7:24,20250612-SMG-003,515.95,SMG
6/12/2025 7:53,20250612-SMG-004,1500,SMG
6/12/2025 1:20,20250612-SMG-005,225,SMG
6/12/2025 7:52,20250612-SMG-006,316.66,SMG
6/13/2025 6:49,20250613-SMV-001,575,SMV
6/13/2025 0:21,20250613-SMV-002,450,SMV
6/13/2025 6:55,20250613-SMV-003,587.5,SMV
6/13/2025 9:51,20250613-SMV-004,206.19,SMV
6/13/2025 5:12,20250613-SMV-005,287.5,SMV
6/13/2025 3:23,20250613-VAL-001,512.5,VAL
6/13/2025 4:46,20250613-VAL-002,162.5,VAL
6/13/2025 1:39,20250613-VAL-003,275,VAL
6/13/2025 8:24,20250613-VAL-004,719.43,VAL
6/13/2025 1:37,20250613-VAL-005,350,VAL
6/13/2025 9:47,20250613-SMG-001,450,SMG
6/13/2025 1:43,20250613-SMG-002,450,SMG
6/13/2025 9:01,20250613-SMG-003,225,SMG
6/13/2025 2:30,20250613-SMG-004,575,SMG
6/13/2025 6:04,20250613-SMG-005,122,SMG
6/14/2025 0:40,20250614-SMV-001,862.5,SMV
6/14/2025 3:54,20250614-SMV-002,287.5,SMV
6/14/2025 0:36,20250614-SMV-003,872.73,SMV
6/14/2025 9:13,20250614-SMV-004,700,SMV
6/14/2025 7:53,20250614-SMV-005,289.22,SMV
6/14/2025 2:13,20250614-VAL-001,325,VAL
6/14/2025 7:04,20250614-VAL-002,497.98,VAL
6/14/2025 3:02,20250614-VAL-003,1025,VAL
6/14/2025 9:44,20250614-VAL-004,512.5,VAL
6/14/2025 6:25,20250614-VAL-005,238.49,VAL
6/14/2025 6:11,20250614-VAL-006,900,VAL
6/14/2025 6:36,20250614-SMG-001,1125,SMG
6/14/2025 2:51,20250614-SMG-002,700,SMG
6/14/2025 3:04,20250614-SMG-003,287.5,SMG
6/14/2025 9:25,20250614-SMG-004,800,SMG
6/14/2025 2:33,20250614-SMG-005,139.67,SMG
6/14/2025 5:49,20250614-SMG-006,259.95,SMG
6/14/2025 4:16,20250614-SMG-007,1275,SMG
6/15/2025 1:27,20250615-SMV-001,853.64,SMV
6/15/2025 3:40,20250615-SMV-002,450,SMV
6/15/2025 3:41,20250615-SMV-003,224.16,SMV
6/15/2025 2:59,20250615-SMV-004,267.35,SMV
6/15/2025 1:22,20250615-SMV-005,1050,SMV
6/15/2025 1:45,20250615-SMV-006,575,SMV
6/15/2025 7:59,20250615-SMV-007,525,SMV
6/15/2025 1:55,20250615-VAL-001,512.5,VAL
6/15/2025 0:43,20250615-VAL-002,1600,VAL
6/15/2025 0:44,20250615-VAL-003,450,VAL
6/15/2025 9:11,20250615-VAL-004,173.89,VAL
6/15/2025 8:47,20250615-VAL-005,359.11,VAL
6/15/2025 3:53,20250615-SMG-001,567.14,SMG
6/15/2025 9:58,20250615-SMG-002,225,SMG
6/15/2025 6:56,20250615-SMG-003,575,SMG
6/15/2025 4:55,20250615-SMG-004,575,SMG
6/15/2025 6:47,20250615-SMG-005,337.5,SMG
6/15/2025 2:56,20250615-SMG-006,1750,SMG
6/16/2025 2:58,20250616-SMV-001,575,SMV
6/16/2025 8:21,20250616-SMV-002,1025,SMV
6/16/2025 6:22,20250616-SMV-003,167.92,SMV
6/16/2025 4:24,20250616-SMV-004,575,SMV
6/16/2025 9:12,20250616-SMV-005,538.13,SMV
6/16/2025 1:18,20250616-SMV-006,1400,SMV
6/16/2025 1:55,20250616-SMV-007,187.42,SMV
6/16/2025 8:53,20250616-VAL-001,743.23,VAL
6/16/2025 6:41,20250616-VAL-002,337.5,VAL
6/16/2025 9:16,20250616-VAL-003,713.4,VAL
6/16/2025 3:08,20250616-VAL-004,225,VAL
6/16/2025 9:42,20250616-VAL-005,1175,VAL
6/16/2025 7:44,20250616-VAL-006,575,VAL
6/16/2025 3:43,20250616-VAL-007,225,VAL
6/16/2025 2:52,20250616-SMG-001,456.18,SMG
6/16/2025 7:53,20250616-SMG-002,800,SMG
6/16/2025 6:58,20250616-SMG-003,687.5,SMG
6/16/2025 0:33,20250616-SMG-004,450,SMG
6/16/2025 5:28,20250616-SMG-005,446.4,SMG
6/16/2025 2:09,20250616-SMG-006,477.21,SMG
6/17/2025 4:47,20250617-SMV-001,256.49,SMV
6/17/2025 2:42,20250617-SMV-002,575,SMV
6/17/2025 1:56,20250617-SMV-003,225,SMV
6/17/2025 6:47,20250617-SMV-004,575,SMV
6/17/2025 2:44,20250617-SMV-005,925,SMV
6/17/2025 2:26,20250617-SMV-006,812.5,SMV
6/17/2025 3:40,20250617-SMV-007,168.02,SMV
6/17/2025 0:08,20250617-VAL-001,890.55,VAL
6/17/2025 0:24,20250617-VAL-002,748.8,VAL
6/17/2025 2:26,20250617-VAL-003,507.94,VAL
6/17/2025 3:25,20250617-VAL-004,337.5,VAL
6/17/2025 4:58,20250617-VAL-005,1025,VAL
6/17/2025 4:05,20250617-VAL-006,225,VAL
6/17/2025 1:02,20250617-VAL-007,570,VAL
6/17/2025 3:08,20250617-SMG-001,1125,SMG
6/17/2025 8:31,20250617-SMG-002,325,SMG
6/17/2025 8:50,20250617-SMG-003,682.14,SMG
6/17/2025 4:27,20250617-SMG-004,504.94,SMG
6/17/2025 7:33,20250617-SMG-005,875,SMG
6/17/2025 3:41,20250617-SMG-006,637.5,SMG
6/17/2025 7:15,20250617-SMG-007,325,SMG
6/18/2025 8:09,20250618-SMV-001,812.5,SMV
6/18/2025 7:00,20250618-SMV-002,1150,SMV
6/18/2025 9:41,20250618-SMV-003,274.39,SMV
6/18/2025 8:24,20250618-SMV-004,225,SMV
6/18/2025 8:48,20250618-SMV-005,325,SMV
6/18/2025 6:13,20250618-SMV-006,1400,SMV
6/18/2025 2:27,20250618-SMV-007,287.5,SMV
6/18/2025 8:15,20250618-VAL-001,527.32,VAL
6/18/2025 6:43,20250618-VAL-002,1025,VAL
6/18/2025 6:53,20250618-VAL-003,240.07,VAL
6/18/2025 4:41,20250618-VAL-004,124.69,VAL
6/18/2025 7:07,20250618-VAL-005,251.95,VAL
6/18/2025 3:29,20250618-VAL-006,259.82,VAL
6/18/2025 3:21,20250618-VAL-007,325,VAL
6/18/2025 7:14,20250618-SMG-001,800,SMG
6/18/2025 3:32,20250618-SMG-002,700,SMG
6/18/2025 3:11,20250618-SMG-003,388.5,SMG
6/18/2025 0:52,20250618-SMG-004,249.36,SMG
6/18/2025 7:14,20250618-SMG-005,450,SMG
6/19/2025 8:52,20250619-SMV-001,512.5,SMV
6/19/2025 5:39,20250619-SMV-002,1175,SMV
6/19/2025 7:31,20250619-SMV-003,821.89,SMV
6/19/2025 6:15,20250619-SMV-004,575,SMV
6/19/2025 7:16,20250619-SMV-005,1150,SMV
6/19/2025 0:30,20250619-SMV-006,287.5,SMV
6/19/2025 2:46,20250619-SMV-007,480.21,SMV
6/19/2025 0:40,20250619-VAL-001,287.5,VAL
6/19/2025 9:30,20250619-VAL-002,550,VAL
6/19/2025 2:07,20250619-VAL-003,325,VAL
6/19/2025 0:57,20250619-VAL-004,325,VAL
6/19/2025 4:28,20250619-VAL-005,675,VAL
6/19/2025 8:45,20250619-VAL-006,1250,VAL
6/19/2025 4:46,20250619-VAL-007,450,VAL
6/19/2025 8:25,20250619-SMG-001,450,SMG
6/19/2025 2:02,20250619-SMG-002,162.5,SMG
6/19/2025 2:25,20250619-SMG-003,732.21,SMG
6/19/2025 3:02,20250619-SMG-004,350,SMG
6/19/2025 5:51,20250619-SMG-005,637.5,SMG
6/20/2025 8:25,20250620-SMV-001,337.5,SMV
6/20/2025 8:00,20250620-SMV-002,275,SMV
6/20/2025 3:23,20250620-SMV-003,369.32,SMV
6/20/2025 6:02,20250620-SMV-004,615.41,SMV
6/20/2025 2:43,20250620-SMV-005,162.5,SMV
6/20/2025 3:53,20250620-SMV-006,512.5,SMV
6/20/2025 1:33,20250620-VAL-001,377.71,VAL
6/20/2025 9:20,20250620-VAL-002,1009.11,VAL
6/20/2025 9:06,20250620-VAL-003,366.54,VAL
6/20/2025 0:37,20250620-VAL-004,775.56,VAL
6/20/2025 0:19,20250620-VAL-005,575,VAL
6/20/2025 8:00,20250620-VAL-006,575,VAL
6/20/2025 5:50,20250620-VAL-007,464.55,VAL
6/20/2025 1:07,20250620-SMG-001,1300,SMG
6/20/2025 6:50,20250620-SMG-002,1025,SMG
6/20/2025 8:42,20250620-SMG-003,687.5,SMG
6/20/2025 9:53,20250620-SMG-004,162.5,SMG
6/20/2025 3:48,20250620-SMG-005,363.61,SMG
6/20/2025 9:03,20250620-SMG-006,188.8,SMG
6/21/2025 0:35,20250621-SMV-001,389.75,SMV
6/21/2025 3:40,20250621-SMV-002,225,SMV
6/21/2025 6:10,20250621-SMV-003,700,SMV
6/21/2025 4:12,20250621-SMV-004,1150,SMV
6/21/2025 2:42,20250621-SMV-005,156.9,SMV
6/21/2025 9:14,20250621-VAL-001,400,VAL
6/21/2025 5:46,20250621-VAL-002,1400,VAL
6/21/2025 6:04,20250621-VAL-003,512.5,VAL
6/21/2025 6:08,20250621-VAL-004,735.06,VAL
6/21/2025 6:14,20250621-VAL-005,556.35,VAL
6/21/2025 3:12,20250621-VAL-006,1025,VAL
6/21/2025 6:06,20250621-SMG-001,201.68,SMG
6/21/2025 1:32,20250621-SMG-002,575,SMG
6/21/2025 9:12,20250621-SMG-003,450,SMG
6/21/2025 2:34,20250621-SMG-004,287.5,SMG
6/21/2025 6:33,20250621-SMG-005,225,SMG
6/21/2025 5:31,20250621-SMG-006,450,SMG
6/22/2025 4:44,20250622-SMV-001,1275,SMV
6/22/2025 8:43,20250622-SMV-002,575,SMV
6/22/2025 8:11,20250622-SMV-003,575,SMV
6/22/2025 3:02,20250622-SMV-004,305.77,SMV
6/22/2025 2:27,20250622-SMV-005,1625,SMV
6/22/2025 4:26,20250622-VAL-001,675,VAL
6/22/2025 3:20,20250622-VAL-002,575,VAL
6/22/2025 0:49,20250622-VAL-003,1250,VAL
6/22/2025 2:40,20250622-VAL-004,1050,VAL
6/22/2025 4:50,20250622-VAL-005,450,VAL
6/22/2025 7:30,20250622-SMG-001,226.24,SMG
6/22/2025 3:32,20250622-SMG-002,700,SMG
6/22/2025 8:04,20250622-SMG-003,512.5,SMG
6/22/2025 1:23,20250622-SMG-004,1016.22,SMG
6/22/2025 1:44,20250622-SMG-005,675,SMG
6/22/2025 5:39,20250622-SMG-006,324.02,SMG
6/23/2025 7:12,20250623-SMV-001,812.5,SMV
6/23/2025 8:56,20250623-SMV-002,429.15,SMV
6/23/2025 6:32,20250623-SMV-003,383.47,SMV
6/23/2025 5:35,20250623-SMV-004,450,SMV
6/23/2025 5:09,20250623-SMV-005,213.5,SMV
6/23/2025 5:48,20250623-SMV-006,1050,SMV
6/23/2025 6:42,20250623-VAL-001,153.73,VAL
6/23/2025 0:25,20250623-VAL-002,800,VAL
6/23/2025 9:09,20250623-VAL-003,1400,VAL
6/23/2025 2:38,20250623-VAL-004,575,VAL
6/23/2025 6:02,20250623-VAL-005,750,VAL
6/23/2025 1:36,20250623-VAL-006,1500,VAL
6/23/2025 0:57,20250623-VAL-007,379.93,VAL
6/23/2025 9:25,20250623-SMG-001,774.99,SMG
6/23/2025 8:39,20250623-SMG-002,325,SMG
6/23/2025 3:29,20250623-SMG-003,337.5,SMG
6/23/2025 6:45,20250623-SMG-004,825,SMG
6/23/2025 6:11,20250623-SMG-005,287.5,SMG
6/24/2025 7:21,20250624-SMV-001,351.17,SMV
6/24/2025 7:54,20250624-SMV-002,450,SMV
6/24/2025 1:37,20250624-SMV-003,700.44,SMV
6/24/2025 9:17,20250624-SMV-004,400.89,SMV
6/24/2025 8:55,20250624-SMV-005,937.5,SMV
6/24/2025 4:33,20250624-VAL-001,476.19,VAL
6/24/2025 8:43,20250624-VAL-002,499.65,VAL
6/24/2025 9:24,20250624-VAL-003,1050,VAL
6/24/2025 8:01,20250624-VAL-004,800,VAL
6/24/2025 9:08,20250624-VAL-005,450,VAL
6/24/2025 3:41,20250624-SMG-001,575,SMG
6/24/2025 5:01,20250624-SMG-002,1125,SMG
6/24/2025 2:44,20250624-SMG-003,575,SMG
6/24/2025 9:49,20250624-SMG-004,637.5,SMG
6/24/2025 6:05,20250624-SMG-005,160.97,SMG
6/24/2025 6:34,20250624-SMG-006,325,SMG
6/24/2025 3:18,20250624-SMG-007,525,SMG
6/25/2025 3:35,20250625-SMV-001,1300,SMV
6/25/2025 6:19,20250625-SMV-002,512.5,SMV
6/25/2025 8:28,20250625-SMV-003,400,SMV
6/25/2025 3:23,20250625-SMV-004,587.5,SMV
6/25/2025 4:35,20250625-SMV-005,575,SMV
6/25/2025 3:29,20250625-SMV-006,412.5,SMV
6/25/2025 4:33,20250625-VAL-001,1050,VAL
6/25/2025 0:17,20250625-VAL-002,900,VAL
6/25/2025 8:47,20250625-VAL-003,287.5,VAL
6/25/2025 3:03,20250625-VAL-004,400,VAL
6/25/2025 7:48,20250625-VAL-005,575,VAL
6/25/2025 3:31,20250625-VAL-006,1025,VAL
6/25/2025 0:41,20250625-SMG-001,575,SMG
6/25/2025 7:35,20250625-SMG-002,237.69,SMG
6/25/2025 5:38,20250625-SMG-003,1125,SMG
6/25/2025 6:00,20250625-SMG-004,544.19,SMG
6/25/2025 9:05,20250625-SMG-005,1150,SMG
6/25/2025 4:15,20250625-SMG-006,535.76,SMG
6/25/2025 1:41,20250625-SMG-007,575,SMG
6/26/2025 8:28,20250626-SMV-001,387.27,SMV
6/26/2025 9:29,20250626-SMV-002,296.31,SMV
6/26/2025 3:59,20250626-SMV-003,287.5,SMV
6/26/2025 1:59,20250626-SMV-004,450,SMV
6/26/2025 7:15,20250626-SMV-005,582.76,SMV
6/26/2025 2:04,20250626-VAL-001,575,VAL
6/26/2025 9:50,20250626-VAL-002,162.5,VAL
6/26/2025 6:43,20250626-VAL-003,853.56,VAL
6/26/2025 7:29,20250626-VAL-004,687.5,VAL
6/26/2025 8:41,20250626-VAL-005,287.5,VAL
6/26/2025 4:15,20250626-VAL-006,1254.55,VAL
6/26/2025 1:01,20250626-VAL-007,204.72,VAL
6/26/2025 5:52,20250626-SMG-001,1275,SMG
6/26/2025 3:16,20250626-SMG-002,718.8,SMG
6/26/2025 7:50,20250626-SMG-003,275,SMG
6/26/2025 6:50,20250626-SMG-004,225,SMG
6/26/2025 7:49,20250626-SMG-005,423.88,SMG
6/27/2025 7:25,20250627-SMV-001,637.5,SMV
6/27/2025 7:00,20250627-SMV-002,225,SMV
6/27/2025 8:01,20250627-SMV-003,350,SMV
6/27/2025 8:51,20250627-SMV-004,356.7,SMV
6/27/2025 2:36,20250627-SMV-005,675,SMV
6/27/2025 8:06,20250627-SMV-006,325,SMV
6/27/2025 7:55,20250627-SMV-007,102.31,SMV
6/27/2025 2:58,20250627-VAL-001,402.41,VAL
6/27/2025 1:29,20250627-VAL-002,575,VAL
6/27/2025 1:50,20250627-VAL-003,291.73,VAL
6/27/2025 6:14,20250627-VAL-004,325,VAL
6/27/2025 9:54,20250627-VAL-005,162.5,VAL
6/27/2025 9:49,20250627-SMG-001,650,SMG
6/27/2025 4:57,20250627-SMG-002,512.5,SMG
6/27/2025 1:19,20250627-SMG-003,540.08,SMG
6/27/2025 7:17,20250627-SMG-004,287.5,SMG
6/27/2025 9:48,20250627-SMG-005,462.5,SMG
6/28/2025 8:46,20250628-SMV-001,169.81,SMV
6/28/2025 1:39,20250628-SMV-002,525,SMV
6/28/2025 8:27,20250628-SMV-003,287.5,SMV
6/28/2025 9:42,20250628-SMV-004,225,SMV
6/28/2025 0:23,20250628-SMV-005,188.92,SMV
6/28/2025 0:36,20250628-VAL-001,450,VAL
6/28/2025 4:56,20250628-VAL-002,162.5,VAL
6/28/2025 7:56,20250628-VAL-003,400,VAL
6/28/2025 0:25,20250628-VAL-004,287.5,VAL
6/28/2025 2:38,20250628-VAL-005,1850,VAL
6/28/2025 8:17,20250628-VAL-006,440.61,VAL
6/28/2025 0:22,20250628-VAL-007,242.76,VAL
6/28/2025 3:04,20250628-SMG-001,1400,SMG
6/28/2025 1:44,20250628-SMG-002,287.5,SMG
6/28/2025 8:07,20250628-SMG-003,1175,SMG
6/28/2025 7:18,20250628-SMG-004,184.02,SMG
6/28/2025 1:25,20250628-SMG-005,800,SMG
6/29/2025 6:01,20250629-SMV-001,575,SMV
6/29/2025 2:54,20250629-SMV-002,225,SMV
6/29/2025 9:24,20250629-SMV-003,800,SMV
6/29/2025 2:59,20250629-SMV-004,1150,SMV
6/29/2025 1:43,20250629-SMV-005,1275,SMV
6/29/2025 6:21,20250629-VAL-001,1125,VAL
6/29/2025 2:15,20250629-VAL-002,225,VAL
6/29/2025 5:18,20250629-VAL-003,325,VAL
6/29/2025 8:12,20250629-VAL-004,325,VAL
6/29/2025 7:28,20250629-VAL-005,325,VAL
6/29/2025 1:07,20250629-SMG-001,412.5,SMG
6/29/2025 5:29,20250629-SMG-002,1025,SMG
6/29/2025 2:04,20250629-SMG-003,239.49,SMG
6/29/2025 3:47,20250629-SMG-004,1750,SMG
6/29/2025 0:59,20250629-SMG-005,1375,SMG
6/29/2025 4:38,20250629-SMG-006,512.5,SMG
6/29/2025 8:22,20250629-SMG-007,275,SMG
6/30/2025 0:47,20250630-SMV-001,800,SMV
6/30/2025 4:03,20250630-SMV-002,287.5,SMV
6/30/2025 6:03,20250630-SMV-003,925,SMV
6/30/2025 4:38,20250630-SMV-004,225,SMV
6/30/2025 0:13,20250630-SMV-005,575,SMV
6/30/2025 5:08,20250630-SMV-006,847.69,SMV
6/30/2025 0:56,20250630-SMV-007,1275,SMV
6/30/2025 8:49,20250630-VAL-001,450,VAL
6/30/2025 5:08,20250630-VAL-002,575,VAL
6/30/2025 2:31,20250630-VAL-003,1175,VAL
6/30/2025 8:20,20250630-VAL-004,162.5,VAL
6/30/2025 8:59,20250630-VAL-005,217.36,VAL
6/30/2025 4:42,20250630-SMG-001,337.5,SMG
6/30/2025 7:30,20250630-SMG-002,393.19,SMG
6/30/2025 2:59,20250630-SMG-003,287.5,SMG
6/30/2025 8:48,20250630-SMG-004,568.65,SMG
6/30/2025 5:35,20250630-SMG-005,208.94,SMG
6/30/2025 7:44,20250630-SMG-006,223.51,SMG
7/1/2025 2:41,20250701-SMV-001,105.77,SMV
7/1/2025 2:37,20250701-SMV-002,575,SMV
7/1/2025 1:21,20250701-SMV-003,337.43,SMV
7/1/2025 9:10,20250701-SMV-004,675,SMV
7/1/2025 8:07,20250701-SMV-005,500.29,SMV
7/1/2025 1:47,20250701-SMV-006,225,SMV
7/1/2025 5:51,20250701-VAL-001,800,VAL
7/1/2025 7:22,20250701-VAL-002,225,VAL
7/1/2025 4:27,20250701-VAL-003,575,VAL
7/1/2025 3:06,20250701-VAL-004,225,VAL
7/1/2025 4:44,20250701-VAL-005,314.03,VAL
7/1/2025 1:52,20250701-SMG-001,700,SMG
7/1/2025 1:41,20250701-SMG-002,1250,SMG
7/1/2025 4:05,20250701-SMG-003,587.47,SMG
7/1/2025 2:32,20250701-SMG-004,445.61,SMG
7/1/2025 1:55,20250701-SMG-005,402.31,SMG
7/1/2025 3:08,20250701-SMG-006,462.5,SMG
7/2/2025 1:52,20250702-SMV-001,697.17,SMV
7/2/2025 5:23,20250702-SMV-002,578.25,SMV
7/2/2025 2:56,20250702-SMV-003,1750,SMV
7/2/2025 4:33,20250702-SMV-004,672.01,SMV
7/2/2025 0:16,20250702-SMV-005,427.42,SMV
7/2/2025 3:34,20250702-SMV-006,225,SMV
7/2/2025 5:14,20250702-VAL-001,325,VAL
7/2/2025 3:07,20250702-VAL-002,450,VAL
7/2/2025 2:14,20250702-VAL-003,1300,VAL
7/2/2025 7:57,20250702-VAL-004,1300,VAL
7/2/2025 2:28,20250702-VAL-005,450,VAL
7/2/2025 1:19,20250702-VAL-006,315.76,VAL
7/2/2025 3:22,20250702-VAL-007,225,VAL
7/2/2025 1:26,20250702-SMG-001,1025,SMG
7/2/2025 1:30,20250702-SMG-002,575,SMG
7/2/2025 4:54,20250702-SMG-003,1250,SMG
7/2/2025 4:29,20250702-SMG-004,1050,SMG
7/2/2025 7:33,20250702-SMG-005,693.34,SMG
7/2/2025 8:09,20250702-SMG-006,1275,SMG
7/2/2025 5:46,20250702-SMG-007,450,SMG
7/3/2025 9:08,20250703-SMV-001,450,SMV
7/3/2025 1:26,20250703-SMV-002,1275,SMV
7/3/2025 8:09,20250703-SMV-003,1175,SMV
7/3/2025 8:08,20250703-SMV-004,359.62,SMV
7/3/2025 4:48,20250703-SMV-005,252.32,SMV
7/3/2025 5:55,20250703-SMV-006,325,SMV
7/3/2025 6:20,20250703-SMV-007,1400,SMV
7/3/2025 5:40,20250703-VAL-001,1025,VAL
7/3/2025 5:19,20250703-VAL-002,225,VAL
7/3/2025 7:15,20250703-VAL-003,454.46,VAL
7/3/2025 0:56,20250703-VAL-004,1375,VAL
7/3/2025 7:26,20250703-VAL-005,575,VAL
7/3/2025 3:27,20250703-VAL-006,450,VAL
7/3/2025 0:47,20250703-VAL-007,337.5,VAL
7/3/2025 5:06,20250703-SMG-001,162.5,SMG
7/3/2025 3:03,20250703-SMG-002,216.38,SMG
7/3/2025 4:48,20250703-SMG-003,227.34,SMG
7/3/2025 7:36,20250703-SMG-004,699.03,SMG
7/3/2025 8:13,20250703-SMG-005,825,SMG
7/3/2025 2:46,20250703-SMG-006,550,SMG
7/4/2025 1:44,20250704-SMV-001,225,SMV
7/4/2025 3:02,20250704-SMV-002,637.5,SMV
7/4/2025 1:02,20250704-SMV-003,512.5,SMV
7/4/2025 5:57,20250704-SMV-004,655.02,SMV
7/4/2025 5:57,20250704-SMV-005,325,SMV
7/4/2025 2:43,20250704-SMV-006,575,SMV
7/4/2025 0:17,20250704-VAL-001,222.81,VAL
7/4/2025 0:27,20250704-VAL-002,575,VAL
7/4/2025 6:44,20250704-VAL-003,1150,VAL
7/4/2025 3:20,20250704-VAL-004,245.53,VAL
7/4/2025 5:30,20250704-VAL-005,515.45,VAL
7/4/2025 8:38,20250704-VAL-006,287.5,VAL
7/4/2025 5:03,20250704-VAL-007,575,VAL
7/4/2025 1:51,20250704-SMG-001,937.5,SMG
7/4/2025 5:13,20250704-SMG-002,1850,SMG
7/4/2025 5:31,20250704-SMG-003,575,SMG
7/4/2025 6:56,20250704-SMG-004,1275,SMG
7/4/2025 6:53,20250704-SMG-005,818.14,SMG
7/4/2025 6:04,20250704-SMG-006,450,SMG
7/4/2025 9:21,20250704-SMG-007,287.5,SMG
7/5/2025 8:18,20250705-SMV-001,426.66,SMV
7/5/2025 3:09,20250705-SMV-002,625,SMV
7/5/2025 0:39,20250705-SMV-003,575,SMV
7/5/2025 5:55,20250705-SMV-004,800,SMV
7/5/2025 0:22,20250705-SMV-005,1275,SMV
7/5/2025 3:49,20250705-VAL-001,412.5,VAL
7/5/2025 8:29,20250705-VAL-002,512.5,VAL
7/5/2025 7:44,20250705-VAL-003,162.5,VAL
7/5/2025 7:44,20250705-VAL-004,587.5,VAL
7/5/2025 7:46,20250705-VAL-005,450,VAL
7/5/2025 9:59,20250705-SMG-001,162.05,SMG
7/5/2025 0:37,20250705-SMG-002,902.87,SMG
7/5/2025 5:07,20250705-SMG-003,661.3,SMG
7/5/2025 3:26,20250705-SMG-004,287.5,SMG
7/5/2025 9:57,20250705-SMG-005,225,SMG
7/5/2025 4:14,20250705-SMG-006,482.66,SMG
7/6/2025 1:07,20250706-SMV-001,400,SMV
7/6/2025 8:07,20250706-SMV-002,1175,SMV
7/6/2025 8:21,20250706-SMV-003,193.1,SMV
7/6/2025 5:23,20250706-SMV-004,337.5,SMV
7/6/2025 0:33,20250706-SMV-005,715.38,SMV
7/6/2025 8:50,20250706-SMV-006,1275,SMV
7/6/2025 8:20,20250706-SMV-007,194.25,SMV
7/6/2025 9:03,20250706-VAL-001,825,VAL
7/6/2025 2:41,20250706-VAL-002,350,VAL
7/6/2025 8:46,20250706-VAL-003,301.76,VAL
7/6/2025 5:23,20250706-VAL-004,1025,VAL
7/6/2025 8:06,20250706-VAL-005,1025,VAL
7/6/2025 3:52,20250706-SMG-001,450,SMG
7/6/2025 0:22,20250706-SMG-002,450,SMG
7/6/2025 2:36,20250706-SMG-003,700,SMG
7/6/2025 9:47,20250706-SMG-004,225,SMG
7/6/2025 3:18,20250706-SMG-005,450,SMG
7/6/2025 8:26,20250706-SMG-006,402.68,SMG
7/6/2025 5:21,20250706-SMG-007,1500,SMG
7/7/2025 5:12,20250707-SMV-001,1250,SMV
7/7/2025 5:07,20250707-SMV-002,886.31,SMV
7/7/2025 6:17,20250707-SMV-003,1050,SMV
7/7/2025 8:21,20250707-SMV-004,450,SMV
7/7/2025 3:58,20250707-SMV-005,450,SMV
7/7/2025 3:37,20250707-VAL-001,824.69,VAL
7/7/2025 8:05,20250707-VAL-002,450,VAL
7/7/2025 3:28,20250707-VAL-003,314.87,VAL
7/7/2025 0:22,20250707-VAL-004,162.5,VAL
7/7/2025 2:55,20250707-VAL-005,925,VAL
7/7/2025 9:06,20250707-SMG-001,738.19,SMG
7/7/2025 2:22,20250707-SMG-002,575,SMG
7/7/2025 7:47,20250707-SMG-003,700,SMG
7/7/2025 0:49,20250707-SMG-004,431.87,SMG
7/7/2025 1:51,20250707-SMG-005,225,SMG
7/7/2025 9:32,20250707-SMG-006,700,SMG
7/7/2025 9:46,20250707-SMG-007,432.85,SMG
7/8/2025 7:13,20250708-SMV-001,512.5,SMV
7/8/2025 0:14,20250708-SMV-002,325,SMV
7/8/2025 9:57,20250708-SMV-003,609.47,SMV
7/8/2025 3:45,20250708-SMV-004,1150,SMV
7/8/2025 6:14,20250708-SMV-005,287.5,SMV
7/8/2025 7:52,20250708-VAL-001,1500,VAL
7/8/2025 7:43,20250708-VAL-002,1600,VAL
7/8/2025 5:51,20250708-VAL-003,272.17,VAL
7/8/2025 6:11,20250708-VAL-004,162.5,VAL
7/8/2025 9:41,20250708-VAL-005,550,VAL
7/8/2025 1:46,20250708-VAL-006,1150,VAL
7/8/2025 5:29,20250708-VAL-007,1025,VAL
7/8/2025 3:53,20250708-SMG-001,354.35,SMG
7/8/2025 8:57,20250708-SMG-002,1175,SMG
7/8/2025 8:41,20250708-SMG-003,463.39,SMG
7/8/2025 9:58,20250708-SMG-004,1175,SMG
7/8/2025 4:47,20250708-SMG-005,1050,SMG
7/8/2025 0:57,20250708-SMG-006,192.93,SMG
7/8/2025 5:42,20250708-SMG-007,225,SMG
7/9/2025 4:54,20250709-SMV-001,675,SMV
7/9/2025 4:27,20250709-SMV-002,736.21,SMV
7/9/2025 2:39,20250709-SMV-003,1375,SMV
7/9/2025 7:02,20250709-SMV-004,583.62,SMV
7/9/2025 1:10,20250709-SMV-005,1150,SMV
7/9/2025 8:48,20250709-SMV-006,1028.72,SMV
7/9/2025 0:33,20250709-SMV-007,1150,SMV
7/9/2025 6:20,20250709-VAL-001,1600,VAL
7/9/2025 4:05,20250709-VAL-002,400,VAL
7/9/2025 7:21,20250709-VAL-003,515.44,VAL
7/9/2025 9:09,20250709-VAL-004,325,VAL
7/9/2025 6:23,20250709-VAL-005,550,VAL
7/9/2025 3:31,20250709-VAL-006,575,VAL
7/9/2025 3:46,20250709-SMG-001,450,SMG
7/9/2025 7:00,20250709-SMG-002,525,SMG
7/9/2025 3:37,20250709-SMG-003,750,SMG
7/9/2025 6:59,20250709-SMG-004,162.5,SMG
7/9/2025 0:26,20250709-SMG-005,225,SMG
7/10/2025 8:21,20250710-SMV-001,800,SMV
7/10/2025 2:31,20250710-SMV-002,800,SMV
7/10/2025 3:26,20250710-SMV-003,287.5,SMV
7/10/2025 8:30,20250710-SMV-004,640.69,SMV
7/10/2025 8:51,20250710-SMV-005,254.71,SMV
7/10/2025 3:08,20250710-SMV-006,637.5,SMV
7/10/2025 5:14,20250710-VAL-001,728.02,VAL
7/10/2025 3:08,20250710-VAL-002,287.5,VAL
7/10/2025 4:29,20250710-VAL-003,170.35,VAL
7/10/2025 8:16,20250710-VAL-004,1625,VAL
7/10/2025 1:21,20250710-VAL-005,275,VAL
7/10/2025 6:21,20250710-SMG-001,295.47,SMG
7/10/2025 6:20,20250710-SMG-002,1150,SMG
7/10/2025 3:00,20250710-SMG-003,450,SMG
7/10/2025 7:31,20250710-SMG-004,700,SMG
7/10/2025 4:57,20250710-SMG-005,355.35,SMG
7/10/2025 1:37,20250710-SMG-006,315.09,SMG
7/10/2025 3:55,20250710-SMG-007,525,SMG
7/11/2025 9:04,20250711-SMV-001,575,SMV
7/11/2025 6:59,20250711-SMV-002,448.13,SMV
7/11/2025 7:08,20250711-SMV-003,163.68,SMV
7/11/2025 7:48,20250711-SMV-004,400,SMV
7/11/2025 5:24,20250711-SMV-005,1150,SMV
7/11/2025 2:39,20250711-SMV-006,1175,SMV
7/11/2025 1:34,20250711-SMV-007,575,SMV
7/11/2025 3:42,20250711-VAL-001,162.5,VAL
7/11/2025 3:16,20250711-VAL-002,575,VAL
7/11/2025 2:31,20250711-VAL-003,575,VAL
7/11/2025 8:34,20250711-VAL-004,328.93,VAL
7/11/2025 0:08,20250711-VAL-005,575,VAL
7/11/2025 7:05,20250711-SMG-001,1004.21,SMG
7/11/2025 4:08,20250711-SMG-002,450,SMG
7/11/2025 4:07,20250711-SMG-003,162.5,SMG
7/11/2025 7:29,20250711-SMG-004,280.1,SMG
7/11/2025 0:34,20250711-SMG-005,325,SMG
7/11/2025 1:05,20250711-SMG-006,287.5,SMG
7/11/2025 2:16,20250711-SMG-007,1025,SMG
7/12/2025 4:29,20250712-SMV-001,512.5,SMV
7/12/2025 4:43,20250712-SMV-002,462.5,SMV
7/12/2025 7:50,20250712-SMV-003,1175,SMV
7/12/2025 4:24,20250712-SMV-004,800,SMV
7/12/2025 7:51,20250712-SMV-005,1150,SMV
7/12/2025 4:21,20250712-SMV-006,512.5,SMV
7/12/2025 8:24,20250712-VAL-001,462.5,VAL
7/12/2025 2:54,20250712-VAL-002,1375,VAL
7/12/2025 9:31,20250712-VAL-003,450,VAL
7/12/2025 3:43,20250712-VAL-004,613.2,VAL
7/12/2025 1:30,20250712-VAL-005,287.5,VAL
7/12/2025 9:57,20250712-SMG-001,1050,SMG
7/12/2025 9:19,20250712-SMG-002,575,SMG
7/12/2025 6:41,20250712-SMG-003,225,SMG
7/12/2025 9:30,20250712-SMG-004,800,SMG
7/12/2025 0:37,20250712-SMG-005,350,SMG
7/12/2025 7:05,20250712-SMG-006,325,SMG
7/13/2025 6:21,20250713-SMV-001,1150,SMV
7/13/2025 3:05,20250713-SMV-002,287.5,SMV
7/13/2025 7:21,20250713-SMV-003,1120.62,SMV
7/13/2025 1:03,20250713-SMV-004,995.37,SMV
7/13/2025 8:35,20250713-SMV-005,575,SMV
7/13/2025 1:04,20250713-SMV-006,225,SMV
7/13/2025 2:50,20250713-VAL-001,385.95,VAL
7/13/2025 1:04,20250713-VAL-002,253.34,VAL
7/13/2025 4:38,20250713-VAL-003,116.32,VAL
7/13/2025 1:48,20250713-VAL-004,339.21,VAL
7/13/2025 3:50,20250713-VAL-005,862.5,VAL
7/13/2025 1:54,20250713-VAL-006,561.98,VAL
7/13/2025 9:24,20250713-VAL-007,108.29,VAL
7/13/2025 2:02,20250713-SMG-001,805.37,SMG
7/13/2025 5:48,20250713-SMG-002,287.5,SMG
7/13/2025 9:40,20250713-SMG-003,138.12,SMG
7/13/2025 10:00,20250713-SMG-004,625,SMG
7/13/2025 6:12,20250713-SMG-005,742.38,SMG
7/14/2025 8:36,20250714-SMV-001,355.64,SMV
7/14/2025 5:42,20250714-SMV-002,925,SMV
7/14/2025 6:01,20250714-SMV-003,450,SMV
7/14/2025 4:31,20250714-SMV-004,575,SMV
7/14/2025 0:47,20250714-SMV-005,450,SMV
7/14/2025 5:28,20250714-SMV-006,825,SMV
7/14/2025 2:48,20250714-VAL-001,512.5,VAL
7/14/2025 5:30,20250714-VAL-002,225,VAL
7/14/2025 6:59,20250714-VAL-003,450,VAL
7/14/2025 4:06,20250714-VAL-004,287.5,VAL
7/14/2025 2:43,20250714-VAL-005,225,VAL
7/14/2025 0:55,20250714-VAL-006,1025,VAL
7/14/2025 9:48,20250714-SMG-001,1275,SMG
7/14/2025 7:19,20250714-SMG-002,178.25,SMG
7/14/2025 5:24,20250714-SMG-003,228.65,SMG
7/14/2025 2:23,20250714-SMG-004,325,SMG
7/14/2025 7:48,20250714-SMG-005,251.57,SMG
7/14/2025 6:59,20250714-SMG-006,287.5,SMG
7/14/2025 0:57,20250714-SMG-007,637.5,SMG
7/15/2025 3:40,20250715-SMV-001,525,SMV
7/15/2025 5:28,20250715-SMV-002,932.35,SMV
7/15/2025 4:15,20250715-SMV-003,274.86,SMV
7/15/2025 8:13,20250715-SMV-004,700,SMV
7/15/2025 1:44,20250715-SMV-005,599.22,SMV
7/15/2025 6:04,20250715-VAL-001,225,VAL
7/15/2025 2:52,20250715-VAL-002,337.5,VAL
7/15/2025 5:04,20250715-VAL-003,750,VAL
7/15/2025 9:39,20250715-VAL-004,1025,VAL
7/15/2025 7:17,20250715-VAL-005,982.92,VAL
7/15/2025 3:25,20250715-VAL-006,357.31,VAL
7/15/2025 5:41,20250715-VAL-007,274.29,VAL
7/15/2025 9:53,20250715-SMG-001,287.5,SMG
7/15/2025 8:59,20250715-SMG-002,325,SMG
7/15/2025 8:23,20250715-SMG-003,162.5,SMG
7/15/2025 7:00,20250715-SMG-004,800,SMG
7/15/2025 2:04,20250715-SMG-005,430.29,SMG
7/16/2025 0:26,20250716-SMV-001,1150,SMV
7/16/2025 1:47,20250716-SMV-002,225,SMV
7/16/2025 7:58,20250716-SMV-003,717.73,SMV
7/16/2025 5:31,20250716-SMV-004,614.23,SMV
7/16/2025 8:59,20250716-SMV-005,325,SMV
7/16/2025 8:19,20250716-VAL-001,625,VAL
7/16/2025 6:51,20250716-VAL-002,575,VAL
7/16/2025 2:50,20250716-VAL-003,171.65,VAL
7/16/2025 8:45,20250716-VAL-004,1275,VAL
7/16/2025 5:52,20250716-VAL-005,1375,VAL
7/16/2025 0:34,20250716-VAL-006,900,VAL
7/16/2025 0:56,20250716-SMG-001,1625,SMG
7/16/2025 6:46,20250716-SMG-002,351.43,SMG
7/16/2025 2:14,20250716-SMG-003,225,SMG
7/16/2025 0:13,20250716-SMG-004,680.05,SMG
7/16/2025 4:01,20250716-SMG-005,799.05,SMG
7/16/2025 3:23,20250716-SMG-006,1375,SMG
7/16/2025 5:23,20250716-SMG-007,1300,SMG
7/17/2025 6:51,20250717-SMV-001,462.5,SMV
7/17/2025 0:46,20250717-SMV-002,450,SMV
7/17/2025 4:21,20250717-SMV-003,628.83,SMV
7/17/2025 2:43,20250717-SMV-004,337.5,SMV
7/17/2025 5:43,20250717-SMV-005,225,SMV
7/17/2025 2:11,20250717-SMV-006,450,SMV
7/17/2025 7:47,20250717-SMV-007,575,SMV
7/17/2025 1:34,20250717-VAL-001,287.5,VAL
7/17/2025 6:28,20250717-VAL-002,1850,VAL
7/17/2025 9:11,20250717-VAL-003,111.26,VAL
7/17/2025 2:15,20250717-VAL-004,567.12,VAL
7/17/2025 8:36,20250717-VAL-005,1050,VAL
7/17/2025 5:00,20250717-VAL-006,337.5,VAL
7/17/2025 3:04,20250717-SMG-001,575,SMG
7/17/2025 0:23,20250717-SMG-002,725.54,SMG
7/17/2025 1:38,20250717-SMG-003,575,SMG
7/17/2025 3:36,20250717-SMG-004,700,SMG
7/17/2025 8:32,20250717-SMG-005,257.22,SMG
7/17/2025 6:40,20250717-SMG-006,450,SMG
7/18/2025 3:49,20250718-SMV-001,1400,SMV
7/18/2025 1:42,20250718-SMV-002,575,SMV
7/18/2025 5:53,20250718-SMV-003,800,SMV
7/18/2025 8:45,20250718-SMV-004,875.8,SMV
7/18/2025 0:14,20250718-SMV-005,162.5,SMV
7/18/2025 0:41,20250718-SMV-006,350,SMV
7/18/2025 2:16,20250718-SMV-007,287.5,SMV
7/18/2025 6:16,20250718-VAL-001,462.5,VAL
7/18/2025 8:23,20250718-VAL-002,443.51,VAL
7/18/2025 3:29,20250718-VAL-003,1050,VAL
7/18/2025 7:35,20250718-VAL-004,575,VAL
7/18/2025 1:24,20250718-VAL-005,450,VAL
7/18/2025 1:29,20250718-VAL-006,1105.6,VAL
7/18/2025 1:58,20250718-VAL-007,287.5,VAL
7/18/2025 9:12,20250718-SMG-001,434.51,SMG
7/18/2025 0:41,20250718-SMG-002,602.13,SMG
7/18/2025 5:37,20250718-SMG-003,162.5,SMG
7/18/2025 5:08,20250718-SMG-004,575,SMG
7/18/2025 8:17,20250718-SMG-005,145.45,SMG
7/18/2025 3:59,20250718-SMG-006,209.15,SMG
7/18/2025 4:59,20250718-SMG-007,1500,SMG
7/19/2025 5:38,20250719-SMV-001,604.66,SMV
7/19/2025 0:30,20250719-SMV-002,763.02,SMV
7/19/2025 4:39,20250719-SMV-003,450,SMV
7/19/2025 6:36,20250719-SMV-004,1150,SMV
7/19/2025 2:39,20250719-SMV-005,229.52,SMV
7/19/2025 3:15,20250719-SMV-006,587.5,SMV
7/19/2025 4:46,20250719-SMV-007,180.35,SMV
7/19/2025 1:22,20250719-VAL-001,339.51,VAL
7/19/2025 5:18,20250719-VAL-002,925,VAL
7/19/2025 7:10,20250719-VAL-003,225,VAL
7/19/2025 5:13,20250719-VAL-004,1025,VAL
7/19/2025 9:02,20250719-VAL-005,1125,VAL
7/19/2025 7:34,20250719-VAL-006,1175,VAL
7/19/2025 10:00,20250719-SMG-001,293.02,SMG
7/19/2025 6:30,20250719-SMG-002,405.81,SMG
7/19/2025 3:34,20250719-SMG-003,925,SMG
7/19/2025 7:30,20250719-SMG-004,206.47,SMG
7/19/2025 9:59,20250719-SMG-005,221.74,SMG
7/19/2025 3:15,20250719-SMG-006,632.69,SMG
7/20/2025 8:56,20250720-SMV-001,165.63,SMV
7/20/2025 9:08,20250720-SMV-002,550,SMV
7/20/2025 8:05,20250720-SMV-003,225,SMV
7/20/2025 6:03,20250720-SMV-004,1150,SMV
7/20/2025 3:15,20250720-SMV-005,1009,SMV
7/20/2025 8:45,20250720-SMV-006,798.07,SMV
7/20/2025 8:57,20250720-SMV-007,575,SMV
7/20/2025 3:34,20250720-VAL-001,1175,VAL
7/20/2025 9:49,20250720-VAL-002,867.1,VAL
7/20/2025 0:10,20250720-VAL-003,325,VAL
7/20/2025 7:03,20250720-VAL-004,1625,VAL
7/20/2025 6:01,20250720-VAL-005,700,VAL
7/20/2025 7:41,20250720-SMG-001,1600,SMG
7/20/2025 2:54,20250720-SMG-002,1175,SMG
7/20/2025 4:59,20250720-SMG-003,357.93,SMG
7/20/2025 5:12,20250720-SMG-004,575,SMG
7/20/2025 7:03,20250720-SMG-005,822.16,SMG
7/20/2025 7:14,20250720-SMG-006,450,SMG
7/21/2025 3:06,20250721-SMV-001,450,SMV
7/21/2025 5:54,20250721-SMV-002,225,SMV
7/21/2025 3:04,20250721-SMV-003,575,SMV
7/21/2025 3:10,20250721-SMV-004,750,SMV
7/21/2025 2:27,20250721-SMV-005,467.57,SMV
7/21/2025 5:11,20250721-SMV-006,325,SMV
7/21/2025 3:54,20250721-SMV-007,400,SMV
7/21/2025 7:05,20250721-VAL-001,287.5,VAL
7/21/2025 7:41,20250721-VAL-002,1850,VAL
7/21/2025 7:12,20250721-VAL-003,225,VAL
7/21/2025 6:51,20250721-VAL-004,287.5,VAL
7/21/2025 5:46,20250721-VAL-005,1625,VAL
7/21/2025 5:53,20250721-VAL-006,650,VAL
7/21/2025 7:21,20250721-SMG-001,921.59,SMG
7/21/2025 9:09,20250721-SMG-002,875,SMG
7/21/2025 1:44,20250721-SMG-003,347.29,SMG
7/21/2025 5:11,20250721-SMG-004,635.02,SMG
7/21/2025 2:09,20250721-SMG-005,507.89,SMG
7/21/2025 8:29,20250721-SMG-006,687.5,SMG
7/21/2025 8:51,20250721-SMG-007,1300,SMG
7/22/2025 5:23,20250722-SMV-001,900,SMV
7/22/2025 5:43,20250722-SMV-002,162.5,SMV
7/22/2025 5:35,20250722-SMV-003,1750,SMV
7/22/2025 1:35,20250722-SMV-004,244.88,SMV
7/22/2025 1:04,20250722-SMV-005,576.57,SMV
7/22/2025 4:31,20250722-SMV-006,1250,SMV
7/22/2025 9:09,20250722-SMV-007,462.5,SMV
7/22/2025 2:21,20250722-VAL-001,287.5,VAL
7/22/2025 2:04,20250722-VAL-002,690.87,VAL
7/22/2025 9:04,20250722-VAL-003,450,VAL
7/22/2025 9:05,20250722-VAL-004,637.5,VAL
7/22/2025 8:03,20250722-VAL-005,198.58,VAL
7/22/2025 5:57,20250722-VAL-006,800,VAL
7/22/2025 0:16,20250722-SMG-001,637.5,SMG
7/22/2025 4:28,20250722-SMG-002,700,SMG
7/22/2025 5:24,20250722-SMG-003,233.39,SMG
7/22/2025 1:04,20250722-SMG-004,1500,SMG
7/22/2025 1:15,20250722-SMG-005,363.61,SMG
7/23/2025 7:09,20250723-SMV-001,1500,SMV
7/23/2025 9:05,20250723-SMV-002,192.38,SMV
7/23/2025 1:59,20250723-SMV-003,337.5,SMV
7/23/2025 4:23,20250723-SMV-004,268.05,SMV
7/23/2025 7:33,20250723-SMV-005,337.5,SMV
7/23/2025 6:59,20250723-VAL-001,649.03,VAL
7/23/2025 1:54,20250723-VAL-002,325,VAL
7/23/2025 2:48,20250723-VAL-003,575,VAL
7/23/2025 8:38,20250723-VAL-004,1750,VAL
7/23/2025 8:15,20250723-VAL-005,168.88,VAL
7/23/2025 1:35,20250723-SMG-001,187.87,SMG
7/23/2025 7:25,20250723-SMG-002,325,SMG
7/23/2025 3:54,20250723-SMG-003,287.5,SMG
7/23/2025 7:38,20250723-SMG-004,1025,SMG
7/23/2025 3:01,20250723-SMG-005,1875,SMG
7/24/2025 1:44,20250724-SMV-001,225,SMV
7/24/2025 9:16,20250724-SMV-002,225,SMV
7/24/2025 4:27,20250724-SMV-003,512.5,SMV
7/24/2025 4:08,20250724-SMV-004,1400,SMV
7/24/2025 5:17,20250724-SMV-005,335.2,SMV
7/24/2025 9:49,20250724-SMV-006,804.39,SMV
7/24/2025 0:32,20250724-VAL-001,237.5,VAL
7/24/2025 5:08,20250724-VAL-002,225,VAL
7/24/2025 7:44,20250724-VAL-003,700,VAL
7/24/2025 7:15,20250724-VAL-004,575,VAL
7/24/2025 3:42,20250724-VAL-005,800,VAL
7/24/2025 1:42,20250724-SMG-001,450,SMG
7/24/2025 6:43,20250724-SMG-002,1275,SMG
7/24/2025 8:01,20250724-SMG-003,637.5,SMG
7/24/2025 7:45,20250724-SMG-004,1025,SMG
7/24/2025 9:52,20250724-SMG-005,1050,SMG
7/25/2025 9:51,20250725-SMV-001,637.5,SMV
7/25/2025 5:22,20250725-SMV-002,599.87,SMV
7/25/2025 9:00,20250725-SMV-003,280.67,SMV
7/25/2025 5:29,20250725-SMV-004,450,SMV
7/25/2025 5:03,20250725-SMV-005,575,SMV
7/25/2025 0:38,20250725-SMV-006,396.22,SMV
7/25/2025 2:25,20250725-SMV-007,575,SMV
7/25/2025 7:09,20250725-VAL-001,287.5,VAL
7/25/2025 4:11,20250725-VAL-002,525,VAL
7/25/2025 8:25,20250725-VAL-003,225,VAL
7/25/2025 6:59,20250725-VAL-004,540.96,VAL
7/25/2025 3:11,20250725-VAL-005,726.45,VAL
7/25/2025 5:57,20250725-SMG-001,512.5,SMG
7/25/2025 4:13,20250725-SMG-002,325,SMG
7/25/2025 9:26,20250725-SMG-003,337.5,SMG
7/25/2025 8:08,20250725-SMG-004,411.05,SMG
7/25/2025 4:29,20250725-SMG-005,687.36,SMG
7/26/2025 7:57,20250726-SMV-001,225,SMV
7/26/2025 9:00,20250726-SMV-002,637.5,SMV
7/26/2025 8:46,20250726-SMV-003,637.5,SMV
7/26/2025 2:57,20250726-SMV-004,287.5,SMV
7/26/2025 6:15,20250726-SMV-005,276.21,SMV
7/26/2025 1:58,20250726-SMV-006,634.14,SMV
7/26/2025 9:04,20250726-VAL-001,450,VAL
7/26/2025 1:33,20250726-VAL-002,337.5,VAL
7/26/2025 6:51,20250726-VAL-003,575,VAL
7/26/2025 5:42,20250726-VAL-004,462.5,VAL
7/26/2025 8:59,20250726-VAL-005,349.78,VAL
7/26/2025 4:00,20250726-SMG-001,637.5,SMG
7/26/2025 3:19,20250726-SMG-002,278.47,SMG
7/26/2025 6:02,20250726-SMG-003,575,SMG
7/26/2025 2:07,20250726-SMG-004,675,SMG
7/26/2025 5:18,20250726-SMG-005,450,SMG
7/27/2025 9:04,20250727-SMV-001,222.87,SMV
7/27/2025 0:09,20250727-SMV-002,625,SMV
7/27/2025 1:54,20250727-SMV-003,549.09,SMV
7/27/2025 8:43,20250727-SMV-004,1750,SMV
7/27/2025 8:27,20250727-SMV-005,325,SMV
7/27/2025 1:40,20250727-SMV-006,287.5,SMV
7/27/2025 4:46,20250727-SMV-007,1025,SMV
7/27/2025 9:54,20250727-VAL-001,450,VAL
7/27/2025 5:56,20250727-VAL-002,418.49,VAL
7/27/2025 4:49,20250727-VAL-003,504.56,VAL
7/27/2025 2:22,20250727-VAL-004,387.63,VAL
7/27/2025 9:14,20250727-VAL-005,337.51,VAL
7/27/2025 5:34,20250727-VAL-006,675,VAL
7/27/2025 5:29,20250727-VAL-007,325,VAL
7/27/2025 2:42,20250727-SMG-001,135.19,SMG
7/27/2025 1:11,20250727-SMG-002,575,SMG
7/27/2025 8:29,20250727-SMG-003,525,SMG
7/27/2025 4:29,20250727-SMG-004,400,SMG
7/27/2025 9:28,20250727-SMG-005,519.29,SMG
7/27/2025 9:03,20250727-SMG-006,287.5,SMG
7/28/2025 3:59,20250728-SMV-001,575,SMV
7/28/2025 0:35,20250728-SMV-002,450,SMV
7/28/2025 4:13,20250728-SMV-003,1025,SMV
7/28/2025 2:46,20250728-SMV-004,700,SMV
7/28/2025 2:49,20250728-SMV-005,173.77,SMV
7/28/2025 3:17,20250728-SMV-006,650,SMV
7/28/2025 2:24,20250728-SMV-007,162.5,SMV
7/28/2025 10:00,20250728-VAL-001,625,VAL
7/28/2025 2:17,20250728-VAL-002,512.5,VAL
7/28/2025 9:02,20250728-VAL-003,584.05,VAL
7/28/2025 1:29,20250728-VAL-004,400,VAL
7/28/2025 3:19,20250728-VAL-005,162.5,VAL
7/28/2025 2:35,20250728-VAL-006,516.74,VAL
7/28/2025 5:14,20250728-VAL-007,786.77,VAL
7/28/2025 1:27,20250728-SMG-001,297.1,SMG
7/28/2025 6:54,20250728-SMG-002,314.9,SMG
7/28/2025 1:16,20250728-SMG-003,322.47,SMG
7/28/2025 0:52,20250728-SMG-004,350,SMG
7/28/2025 0:36,20250728-SMG-005,505.65,SMG
7/28/2025 5:05,20250728-SMG-006,369.51,SMG
7/29/2025 2:33,20250729-SMV-001,486.46,SMV
7/29/2025 8:41,20250729-SMV-002,139.86,SMV
7/29/2025 5:55,20250729-SMV-003,1275,SMV
7/29/2025 2:44,20250729-SMV-004,225,SMV
7/29/2025 9:31,20250729-SMV-005,1150,SMV
7/29/2025 5:06,20250729-SMV-006,1150,SMV
7/29/2025 4:35,20250729-VAL-001,400,VAL
7/29/2025 6:22,20250729-VAL-002,1150,VAL
7/29/2025 6:29,20250729-VAL-003,512.5,VAL
7/29/2025 3:46,20250729-VAL-004,450,VAL
7/29/2025 7:24,20250729-VAL-005,350,VAL
7/29/2025 6:05,20250729-SMG-001,908.25,SMG
7/29/2025 8:28,20250729-SMG-002,502.62,SMG
7/29/2025 9:50,20250729-SMG-003,325,SMG
7/29/2025 2:37,20250729-SMG-004,287.5,SMG
7/29/2025 5:32,20250729-SMG-005,518.09,SMG
7/29/2025 6:41,20250729-SMG-006,325,SMG
7/29/2025 5:45,20250729-SMG-007,205.22,SMG
7/30/2025 7:24,20250730-SMV-001,337.5,SMV
7/30/2025 3:50,20250730-SMV-002,343.1,SMV
7/30/2025 3:35,20250730-SMV-003,162.5,SMV
7/30/2025 2:34,20250730-SMV-004,287.5,SMV
7/30/2025 6:21,20250730-SMV-005,862.5,SMV
7/30/2025 0:43,20250730-SMV-006,1400,SMV
7/30/2025 7:01,20250730-SMV-007,287.5,SMV
7/30/2025 1:01,20250730-VAL-001,1750,VAL
7/30/2025 8:34,20250730-VAL-002,1250,VAL
7/30/2025 4:07,20250730-VAL-003,225,VAL
7/30/2025 8:28,20250730-VAL-004,462.5,VAL
7/30/2025 3:19,20250730-VAL-005,450,VAL
7/30/2025 4:34,20250730-VAL-006,251.54,VAL
7/30/2025 0:36,20250730-SMG-001,462.5,SMG
7/30/2025 5:38,20250730-SMG-002,150.52,SMG
7/30/2025 5:00,20250730-SMG-003,162.5,SMG
7/30/2025 9:28,20250730-SMG-004,137.81,SMG
7/30/2025 3:08,20250730-SMG-005,566.16,SMG
7/30/2025 7:55,20250730-SMG-006,650,SMG
7/30/2025 7:46,20250730-SMG-007,800,SMG
7/31/2025 7:02,20250731-SMV-001,149.77,SMV
7/31/2025 4:22,20250731-SMV-002,575,SMV
7/31/2025 1:10,20250731-SMV-003,225,SMV
7/31/2025 9:37,20250731-SMV-004,225,SMV
7/31/2025 7:31,20250731-SMV-005,687.5,SMV
7/31/2025 1:45,20250731-VAL-001,512.5,VAL
7/31/2025 5:50,20250731-VAL-002,1025,VAL
7/31/2025 3:23,20250731-VAL-003,225,VAL
7/31/2025 6:53,20250731-VAL-004,637.5,VAL
7/31/2025 9:06,20250731-VAL-005,1400,VAL
7/31/2025 7:27,20250731-VAL-006,212.71,VAL
7/31/2025 7:41,20250731-SMG-001,1025,SMG
7/31/2025 9:30,20250731-SMG-002,512.5,SMG
7/31/2025 2:53,20250731-SMG-003,328.33,SMG
7/31/2025 9:55,20250731-SMG-004,452.33,SMG
7/31/2025 4:16,20250731-SMG-005,162.5,SMG
7/31/2025 5:20,20250731-SMG-006,350.88,SMG
7/31/2025 4:13,20250731-SMG-007,215.72,SMG
8/1/2025 5:13,20250801-SMV-001,450,SMV
8/1/2025 9:05,20250801-SMV-002,306.96,SMV
8/1/2025 3:32,20250801-SMV-003,462.5,SMV
8/1/2025 1:39,20250801-SMV-004,575,SMV
8/1/2025 1:21,20250801-SMV-005,294,SMV
8/1/2025 9:02,20250801-SMV-006,1050,SMV
8/1/2025 5:22,20250801-VAL-001,329.77,VAL
8/1/2025 4:28,20250801-VAL-002,320.83,VAL
8/1/2025 9:30,20250801-VAL-003,1050,VAL
8/1/2025 5:50,20250801-VAL-004,225,VAL
8/1/2025 7:59,20250801-VAL-005,1275,VAL
8/1/2025 4:05,20250801-SMG-001,238.36,SMG
8/1/2025 0:42,20250801-SMG-002,925,SMG
8/1/2025 4:10,20250801-SMG-003,726.46,SMG
8/1/2025 9:59,20250801-SMG-004,225,SMG
8/1/2025 4:39,20250801-SMG-005,525,SMG
8/1/2025 4:48,20250801-SMG-006,758.95,SMG
8/2/2025 4:52,20250802-SMV-001,450,SMV
8/2/2025 0:16,20250802-SMV-002,575,SMV
8/2/2025 6:12,20250802-SMV-003,328.54,SMV
8/2/2025 6:35,20250802-SMV-004,700,SMV
8/2/2025 7:32,20250802-SMV-005,450,SMV
8/2/2025 9:08,20250802-SMV-006,1150,SMV
8/2/2025 1:01,20250802-SMV-007,900,SMV
8/2/2025 6:57,20250802-VAL-001,325,VAL
8/2/2025 7:58,20250802-VAL-002,925,VAL
8/2/2025 5:41,20250802-VAL-003,496.99,VAL
8/2/2025 3:13,20250802-VAL-004,290.98,VAL
8/2/2025 1:23,20250802-VAL-005,1375,VAL
8/2/2025 2:30,20250802-VAL-006,575,VAL
8/2/2025 6:26,20250802-VAL-007,450,VAL
8/2/2025 3:38,20250802-SMG-001,748.57,SMG
8/2/2025 5:14,20250802-SMG-002,575,SMG
8/2/2025 3:24,20250802-SMG-003,1050,SMG
8/2/2025 6:13,20250802-SMG-004,325,SMG
8/2/2025 1:41,20250802-SMG-005,225,SMG
8/2/2025 6:04,20250802-SMG-006,1625,SMG
8/2/2025 6:59,20250802-SMG-007,675,SMG
8/3/2025 8:48,20250803-SMV-001,450,SMV
8/3/2025 9:12,20250803-SMV-002,1300,SMV
8/3/2025 9:41,20250803-SMV-003,350,SMV
8/3/2025 0:42,20250803-SMV-004,287.5,SMV
8/3/2025 6:35,20250803-SMV-005,1750,SMV
8/3/2025 4:21,20250803-VAL-001,325,VAL
8/3/2025 0:15,20250803-VAL-002,450,VAL
8/3/2025 9:54,20250803-VAL-003,925,VAL
8/3/2025 5:22,20250803-VAL-004,287.5,VAL
8/3/2025 5:16,20250803-VAL-005,1025,VAL
8/3/2025 7:05,20250803-VAL-006,512.5,VAL
8/3/2025 9:45,20250803-SMG-001,225,SMG
8/3/2025 4:27,20250803-SMG-002,400,SMG
8/3/2025 8:14,20250803-SMG-003,575,SMG
8/3/2025 4:54,20250803-SMG-004,1050,SMG
8/3/2025 5:54,20250803-SMG-005,383.2,SMG
8/3/2025 7:10,20250803-SMG-006,450,SMG
8/3/2025 0:24,20250803-SMG-007,450,SMG
8/4/2025 9:09,20250804-SMV-001,925,SMV
8/4/2025 8:55,20250804-SMV-002,700,SMV
8/4/2025 1:55,20250804-SMV-003,800,SMV
8/4/2025 8:03,20250804-SMV-004,525,SMV
8/4/2025 3:54,20250804-SMV-005,575,SMV
8/4/2025 0:13,20250804-SMV-006,369.74,SMV
8/4/2025 1:47,20250804-SMV-007,1275,SMV
8/4/2025 7:42,20250804-VAL-001,246.13,VAL
8/4/2025 9:38,20250804-VAL-002,750,VAL
8/4/2025 6:41,20250804-VAL-003,1150,VAL
8/4/2025 8:53,20250804-VAL-004,225,VAL
8/4/2025 0:28,20250804-VAL-005,925,VAL
8/4/2025 5:14,20250804-VAL-006,530.48,VAL
8/4/2025 7:51,20250804-VAL-007,287.5,VAL
8/4/2025 1:24,20250804-SMG-001,1275,SMG
8/4/2025 8:45,20250804-SMG-002,562.5,SMG
8/4/2025 6:52,20250804-SMG-003,162.5,SMG
8/4/2025 0:57,20250804-SMG-004,225,SMG
8/4/2025 8:35,20250804-SMG-005,450,SMG
8/4/2025 2:24,20250804-SMG-006,881.89,SMG
8/5/2025 1:23,20250805-SMV-001,417.4,SMV
8/5/2025 8:03,20250805-SMV-002,350,SMV
8/5/2025 8:55,20250805-SMV-003,162.5,SMV
8/5/2025 4:22,20250805-SMV-004,900,SMV
8/5/2025 8:08,20250805-SMV-005,650,SMV
8/5/2025 8:02,20250805-VAL-001,448.62,VAL
8/5/2025 0:55,20250805-VAL-002,287.5,VAL
8/5/2025 7:35,20250805-VAL-003,650,VAL
8/5/2025 7:44,20250805-VAL-004,391.08,VAL
8/5/2025 9:07,20250805-VAL-005,313.44,VAL
8/5/2025 7:44,20250805-SMG-001,1400,SMG
8/5/2025 7:14,20250805-SMG-002,325,SMG
8/5/2025 7:45,20250805-SMG-003,1025,SMG
8/5/2025 6:51,20250805-SMG-004,287.5,SMG
8/5/2025 4:36,20250805-SMG-005,123.25,SMG
8/5/2025 6:51,20250805-SMG-006,133.83,SMG
8/6/2025 6:37,20250806-SMV-001,162.5,SMV
8/6/2025 5:02,20250806-SMV-002,287.5,SMV
8/6/2025 2:46,20250806-SMV-003,225,SMV
8/6/2025 3:59,20250806-SMV-004,462.5,SMV
8/6/2025 2:11,20250806-SMV-005,575,SMV
8/6/2025 4:02,20250806-SMV-006,750,SMV
8/6/2025 0:20,20250806-VAL-001,575,VAL
8/6/2025 8:32,20250806-VAL-002,390.48,VAL
8/6/2025 3:21,20250806-VAL-003,162.5,VAL
8/6/2025 4:48,20250806-VAL-004,400,VAL
8/6/2025 3:22,20250806-VAL-005,162.5,VAL
8/6/2025 0:31,20250806-VAL-006,700,VAL
8/6/2025 9:24,20250806-VAL-007,727.26,VAL
8/6/2025 0:19,20250806-SMG-001,450,SMG
8/6/2025 10:00,20250806-SMG-002,837.47,SMG
8/6/2025 4:43,20250806-SMG-003,512.5,SMG
8/6/2025 4:32,20250806-SMG-004,575,SMG
8/6/2025 3:00,20250806-SMG-005,162.5,SMG
8/6/2025 9:13,20250806-SMG-006,325,SMG
8/6/2025 6:43,20250806-SMG-007,824.92,SMG
8/7/2025 1:30,20250807-SMV-001,174.07,SMV
8/7/2025 2:23,20250807-SMV-002,232.03,SMV
8/7/2025 9:30,20250807-SMV-003,213.14,SMV
8/7/2025 9:34,20250807-SMV-004,1050,SMV
8/7/2025 2:09,20250807-SMV-005,675,SMV
8/7/2025 6:15,20250807-SMV-006,1275,SMV
8/7/2025 4:29,20250807-SMV-007,1025,SMV
8/7/2025 3:38,20250807-VAL-001,1400,VAL
8/7/2025 4:06,20250807-VAL-002,517.39,VAL
8/7/2025 6:28,20250807-VAL-003,575,VAL
8/7/2025 2:06,20250807-VAL-004,525,VAL
8/7/2025 1:27,20250807-VAL-005,450,VAL
8/7/2025 0:45,20250807-VAL-006,295.9,VAL
8/7/2025 2:15,20250807-SMG-001,1275,SMG
8/7/2025 8:35,20250807-SMG-002,287.5,SMG
8/7/2025 0:25,20250807-SMG-003,1175,SMG
8/7/2025 1:09,20250807-SMG-004,462.5,SMG
8/7/2025 1:35,20250807-SMG-005,462.5,SMG
8/8/2025 6:03,20250808-SMV-001,660.28,SMV
8/8/2025 0:17,20250808-SMV-002,575,SMV
8/8/2025 0:54,20250808-SMV-003,937.5,SMV
8/8/2025 5:15,20250808-SMV-004,1175,SMV
8/8/2025 9:48,20250808-SMV-005,123.78,SMV
8/8/2025 9:02,20250808-SMV-006,974.76,SMV
8/8/2025 0:12,20250808-SMV-007,350,SMV
8/8/2025 5:41,20250808-VAL-001,575,VAL
8/8/2025 4:03,20250808-VAL-002,400.24,VAL
8/8/2025 8:12,20250808-VAL-003,252.82,VAL
8/8/2025 1:09,20250808-VAL-004,562.5,VAL
8/8/2025 4:54,20250808-VAL-005,337.5,VAL
8/8/2025 0:51,20250808-SMG-001,346.98,SMG
8/8/2025 9:44,20250808-SMG-002,450,SMG
8/8/2025 4:11,20250808-SMG-003,1050,SMG
8/8/2025 9:55,20250808-SMG-004,225,SMG
8/8/2025 2:10,20250808-SMG-005,1275,SMG
8/8/2025 6:50,20250808-SMG-006,450,SMG
8/8/2025 2:45,20250808-SMG-007,575,SMG
8/9/2025 1:28,20250809-SMV-001,390.2,SMV
8/9/2025 1:12,20250809-SMV-002,275,SMV
8/9/2025 7:34,20250809-SMV-003,450,SMV
8/9/2025 7:56,20250809-SMV-004,955.43,SMV
8/9/2025 0:08,20250809-SMV-005,630.68,SMV
8/9/2025 8:53,20250809-SMV-006,450,SMV
8/9/2025 4:56,20250809-SMV-007,1150,SMV
8/9/2025 3:45,20250809-VAL-001,1600,VAL
8/9/2025 9:05,20250809-VAL-002,450,VAL
8/9/2025 5:18,20250809-VAL-003,246.77,VAL
8/9/2025 0:24,20250809-VAL-004,162.5,VAL
8/9/2025 2:43,20250809-VAL-005,337.5,VAL
8/9/2025 4:30,20250809-VAL-006,1300,VAL
8/9/2025 9:18,20250809-SMG-001,287.5,SMG
8/9/2025 8:46,20250809-SMG-002,651.61,SMG
8/9/2025 0:36,20250809-SMG-003,1275,SMG
8/9/2025 2:18,20250809-SMG-004,287.5,SMG
8/9/2025 0:26,20250809-SMG-005,167.72,SMG
8/10/2025 0:34,20250810-SMV-001,400,SMV
8/10/2025 1:08,20250810-SMV-002,512.5,SMV
8/10/2025 2:36,20250810-SMV-003,325,SMV
8/10/2025 1:03,20250810-SMV-004,1250,SMV
8/10/2025 1:19,20250810-SMV-005,1025,SMV
8/10/2025 0:34,20250810-SMV-006,162.5,SMV
8/10/2025 2:15,20250810-VAL-001,1050,VAL
8/10/2025 7:59,20250810-VAL-002,925,VAL
8/10/2025 3:29,20250810-VAL-003,455.76,VAL
8/10/2025 6:07,20250810-VAL-004,450,VAL
8/10/2025 2:43,20250810-VAL-005,575,VAL
8/10/2025 9:45,20250810-VAL-006,575,VAL
8/10/2025 9:01,20250810-VAL-007,162.5,VAL
8/10/2025 1:57,20250810-SMG-001,1044.87,SMG
8/10/2025 8:45,20250810-SMG-002,550,SMG
8/10/2025 9:12,20250810-SMG-003,325,SMG
8/10/2025 5:15,20250810-SMG-004,1025,SMG
8/10/2025 1:08,20250810-SMG-005,287.5,SMG
8/11/2025 6:22,20250811-SMV-001,225,SMV
8/11/2025 5:27,20250811-SMV-002,162.5,SMV
8/11/2025 6:02,20250811-SMV-003,977.59,SMV
8/11/2025 5:56,20250811-SMV-004,225,SMV
8/11/2025 4:08,20250811-SMV-005,287.5,SMV
8/11/2025 9:11,20250811-VAL-001,295.29,VAL
8/11/2025 9:48,20250811-VAL-002,225,VAL
8/11/2025 8:19,20250811-VAL-003,575,VAL
8/11/2025 1:01,20250811-VAL-004,454.62,VAL
8/11/2025 8:42,20250811-VAL-005,657.78,VAL
8/11/2025 6:27,20250811-VAL-006,1150,VAL
8/11/2025 9:07,20250811-VAL-007,747.96,VAL
8/11/2025 5:55,20250811-SMG-001,322.23,SMG
8/11/2025 3:51,20250811-SMG-002,225,SMG
8/11/2025 6:28,20250811-SMG-003,266.51,SMG
8/11/2025 1:52,20250811-SMG-004,173.81,SMG
8/11/2025 9:50,20250811-SMG-005,700,SMG
8/12/2025 0:15,20250812-SMV-001,769.57,SMV
8/12/2025 5:30,20250812-SMV-002,700,SMV
8/12/2025 7:11,20250812-SMV-003,587.5,SMV
8/12/2025 1:45,20250812-SMV-004,1850,SMV
8/12/2025 9:02,20250812-SMV-005,575,SMV
8/12/2025 5:39,20250812-SMV-006,325,SMV
8/12/2025 5:27,20250812-VAL-001,575,VAL
8/12/2025 5:05,20250812-VAL-002,225,VAL
8/12/2025 5:05,20250812-VAL-003,575,VAL
8/12/2025 4:00,20250812-VAL-004,445.84,VAL
8/12/2025 1:36,20250812-VAL-005,575,VAL
8/12/2025 1:01,20250812-VAL-006,350,VAL
8/12/2025 0:16,20250812-VAL-007,575,VAL
8/12/2025 7:19,20250812-SMG-001,1025,SMG
8/12/2025 2:04,20250812-SMG-002,1400,SMG
8/12/2025 1:28,20250812-SMG-003,450,SMG
8/12/2025 9:44,20250812-SMG-004,1150,SMG
8/12/2025 4:22,20250812-SMG-005,249.83,SMG
8/13/2025 1:23,20250813-SMV-001,700,SMV
8/13/2025 4:20,20250813-SMV-002,275,SMV
8/13/2025 7:41,20250813-SMV-003,890.06,SMV
8/13/2025 6:06,20250813-SMV-004,484.01,SMV
8/13/2025 1:37,20250813-SMV-005,428.53,SMV
8/13/2025 6:05,20250813-SMV-006,148,SMV
8/13/2025 2:51,20250813-SMV-007,1250,SMV
8/13/2025 0:23,20250813-VAL-001,655.15,VAL
8/13/2025 5:07,20250813-VAL-002,700,VAL
8/13/2025 2:41,20250813-VAL-003,251.53,VAL
8/13/2025 3:11,20250813-VAL-004,1150,VAL
8/13/2025 0:19,20250813-VAL-005,1074.94,VAL
8/13/2025 6:53,20250813-VAL-006,276.32,VAL
8/13/2025 7:17,20250813-VAL-007,225,VAL
8/13/2025 5:40,20250813-SMG-001,800,SMG
8/13/2025 8:36,20250813-SMG-002,450,SMG
8/13/2025 2:20,20250813-SMG-003,1117.27,SMG
8/13/2025 5:22,20250813-SMG-004,1084.59,SMG
8/13/2025 7:00,20250813-SMG-005,550,SMG
8/13/2025 9:43,20250813-SMG-006,525,SMG
8/13/2025 8:12,20250813-SMG-007,512.5,SMG
8/14/2025 6:52,20250814-SMV-001,637.5,SMV
8/14/2025 2:16,20250814-SMV-002,1025,SMV
8/14/2025 8:27,20250814-SMV-003,334.3,SMV
8/14/2025 2:41,20250814-SMV-004,146.56,SMV
8/14/2025 2:06,20250814-SMV-005,287.64,SMV
8/14/2025 7:42,20250814-SMV-006,700,SMV
8/14/2025 9:38,20250814-VAL-001,393.97,VAL
8/14/2025 4:42,20250814-VAL-002,750,VAL
8/14/2025 1:16,20250814-VAL-003,287.5,VAL
8/14/2025 4:48,20250814-VAL-004,285.07,VAL
8/14/2025 9:03,20250814-VAL-005,575,VAL
8/14/2025 1:26,20250814-SMG-001,225,SMG
8/14/2025 7:44,20250814-SMG-002,350,SMG
8/14/2025 1:06,20250814-SMG-003,302.72,SMG
8/14/2025 6:22,20250814-SMG-004,650,SMG
8/14/2025 3:48,20250814-SMG-005,1750,SMG
8/14/2025 8:14,20250814-SMG-006,194.07,SMG
8/14/2025 6:10,20250814-SMG-007,1175,SMG
8/15/2025 1:41,20250815-SMV-001,287.5,SMV
8/15/2025 1:29,20250815-SMV-002,832.88,SMV
8/15/2025 3:25,20250815-SMV-003,287.5,SMV
8/15/2025 8:53,20250815-SMV-004,450,SMV
8/15/2025 8:09,20250815-SMV-005,503.19,SMV
8/15/2025 2:05,20250815-SMV-006,637.5,SMV
8/15/2025 4:25,20250815-VAL-001,212.13,VAL
8/15/2025 1:03,20250815-VAL-002,1150.18,VAL
8/15/2025 5:50,20250815-VAL-003,187.16,VAL
8/15/2025 1:10,20250815-VAL-004,287.5,VAL
8/15/2025 2:11,20250815-VAL-005,875,VAL
8/15/2025 2:46,20250815-SMG-001,287.5,SMG
8/15/2025 2:06,20250815-SMG-002,225,SMG
8/15/2025 2:37,20250815-SMG-003,188.31,SMG
8/15/2025 4:37,20250815-SMG-004,1275,SMG
8/15/2025 4:10,20250815-SMG-005,350,SMG
8/15/2025 9:06,20250815-SMG-006,210.64,SMG
8/15/2025 8:50,20250815-SMG-007,162.5,SMG
8/16/2025 09:12,20250816-SMV-001,450.5,SMV
8/16/2025 11:35,20250816-SMV-002,632.0,SMV
8/16/2025 14:05,20250816-SMV-003,287.5,SMV
8/16/2025 10:45,20250816-VAL-001,875.0,VAL
8/16/2025 12:22,20250816-VAL-002,412.3,VAL
8/16/2025 15:30,20250816-SMG-001,225.0,SMG
8/16/2025 16:10,20250816-SMG-002,500.0,SMG
8/17/2025 09:50,20250817-SMV-001,503.0,SMV
8/17/2025 10:25,20250817-SMV-002,287.5,SMV
8/17/2025 13:40,20250817-VAL-001,1150.0,VAL
8/17/2025 15:10,20250817-VAL-002,212.0,VAL
8/17/2025 14:55,20250817-SMG-001,637.5,SMG
8/18/2025 08:30,20250818-SMV-001,287.5,SMV
8/18/2025 11:15,20250818-SMV-002,450.0,SMV
8/18/2025 12:45,20250818-VAL-001,875.0,VAL
8/18/2025 14:20,20250818-SMG-001,188.0,SMG
8/19/2025 09:05,20250819-SMV-001,637.5,SMV
8/19/2025 10:40,20250819-SMV-002,287.5,SMV
8/19/2025 13:10,20250819-VAL-001,212.0,VAL
8/19/2025 15:00,20250819-SMG-001,225.0,SMG
8/20/2025 08:50,20250820-SMV-001,450.0,SMV
8/20/2025 11:30,20250820-SMV-002,287.5,SMV
8/20/2025 12:55,20250820-VAL-001,1150.0,VAL
8/20/2025 14:35,20250820-SMG-001,500.0,SMG
8/21/2025 09:20,20250821-SMV-001,503.0,SMV
8/21/2025 10:55,20250821-SMV-002,287.5,SMV
8/21/2025 13:25,20250821-VAL-001,875.0,VAL
8/21/2025 15:05,20250821-SMG-001,225.0,SMG
8/22/2025 08:40,20250822-SMV-001,287.5,SMV
8/22/2025 11:10,20250822-SMV-002,450.0,SMV
8/22/2025 12:50,20250822-VAL-001,1150.0,VAL
8/22/2025 14:30,20250822-SMG-001,188.0,SMG